<?xml version="1.0" encoding="UTF-8"?>
<!DOCTYPE html PUBLIC "-//W3C//DTD XHTML 1.0 Transitional//EN"
    "http://www.w3.org/TR/xhtml1/DTD/xhtml1-transitional.dtd">
<html xmlns="http://www.w3.org/1999/xhtml" xml:lang="en" lang="en">
 <head>
  <title>
</title>
<meta http-equiv="Content-Type" content="text/html;charset=utf-8" />
  <meta name='ocr-system' content='tesseract 3.04.00' />
  <meta name='ocr-capabilities' content='ocr_page ocr_carea ocr_par ocr_line ocrx_word'/>
</head>
<body>
  <div class='ocr_page' id='page_1' title='image "./hermetistrismeg00bardgoog/hermetistrismeg00bardgoog_0153.png"; bbox 0 0 3099 5147; ppageno 0'>
   <div class='ocr_carea' id='block_1_1' title="bbox 1412 456 1564 513">
    <p class='ocr_par' dir='ltr' id='par_1_1' title="bbox 1412 456 1564 513">
     <span class='ocr_line' id='line_1_1' title="bbox 1412 456 1564 513; baseline 0 0"><span class='ocrx_word' id='word_1_1' title='bbox 1412 456 1564 513; x_wconf 87' lang='lat'>131·</span> 
     </span>
    </p>
   </div>
   <div class='ocr_carea' id='block_1_2' title="bbox 1276 759 1672 837">
    <p class='ocr_par' dir='ltr' id='par_1_2' title="bbox 1276 759 1672 837">
     <span class='ocr_line' id='line_1_2' title="bbox 1276 759 1672 837; baseline -0.005 -19"><span class='ocrx_word' id='word_1_2' title='bbox 1276 759 1372 818; x_wconf 83' lang='lat' dir='ltr'>Ad</span> <span class='ocrx_word' id='word_1_3' title='bbox 1424 778 1555 837; x_wconf 87' lang='lat' dir='ltr'>cap.</span> <span class='ocrx_word' id='word_1_4' title='bbox 1611 761 1672 817; x_wconf 84' lang='lat'>6.</span> 
     </span>
    </p>
   </div>
   <div class='ocr_carea' id='block_1_3' title="bbox 335 933 2626 1119">
    <p class='ocr_par' dir='ltr' id='par_1_3' title="bbox 335 933 2626 1119">
     <span class='ocr_line' id='line_1_3' title="bbox 532 933 2626 1017; baseline -0.004 -20"><span class='ocrx_word' id='word_1_5' title='bbox 532 938 745 1017; x_wconf 85' lang='lat' dir='ltr'>Pergit</span> <span class='ocrx_word' id='word_1_6' title='bbox 795 939 1055 1017; x_wconf 77' lang='lat' dir='ltr'>scriptor</span> <span class='ocrx_word' id='word_1_7' title='bbox 1106 940 1364 995; x_wconf 88' lang='lat' dir='ltr'>animam</span> <span class='ocrx_word' id='word_1_8' title='bbox 1416 936 1738 995; x_wconf 87' lang='lat' dir='ltr'>admonere</span> <span class='ocrx_word' id='word_1_9' title='bbox 1790 940 1859 993; x_wconf 82' lang='lat' dir='ltr'>ut</span> <span class='ocrx_word' id='word_1_10' title='bbox 1907 936 2102 995; x_wconf 82' lang='lat' dir='ltr'>missis</span> <span class='ocrx_word' id='word_1_11' title='bbox 2137 935 2317 994; x_wconf 88' lang='lat' dir='ltr'>rebus</span> <span class='ocrx_word' id='word_1_12' title='bbox 2352 933 2626 993; x_wconf 87' lang='lat' dir='ltr'>humanis</span> 
     </span>
     <span class='ocr_line' id='line_1_4' title="bbox 335 1035 2209 1119; baseline -0.004 -18"><span class='ocrx_word' id='word_1_13' title='bbox 335 1045 397 1101; x_wconf 88' lang='lat' dir='ltr'>in</span> <span class='ocrx_word' id='word_1_14' title='bbox 448 1063 558 1102; x_wconf 87' lang='lat' dir='ltr'>sua</span> <span class='ocrx_word' id='word_1_15' title='bbox 611 1044 799 1119; x_wconf 87' lang='lat' dir='ltr'>ipsius</span> <span class='ocrx_word' id='word_1_16' title='bbox 848 1040 1185 1098; x_wconf 75' lang='lat' dir='ltr'>servatione</span> <span class='ocrx_word' id='word_1_17' title='bbox 1238 1056 1470 1116; x_wconf 86' lang='lat' dir='ltr'>omnem</span> <span class='ocrx_word' id='word_1_18' title='bbox 1525 1037 1781 1095; x_wconf 84' lang='lat' dir='ltr'>collocet</span> <span class='ocrx_word' id='word_1_19' title='bbox 1831 1035 2209 1095; x_wconf 86' lang='lat' dir='ltr'>industriam.</span> 
     </span>
    </p>
   </div>
   <div class='ocr_carea' id='block_1_4' title="bbox 328 1151 2947 3585">
    <p class='ocr_par' dir='ltr' id='par_1_4' title="bbox 332 1151 2627 1360">
     <span class='ocr_line' id='line_1_5' title="bbox 525 1151 2627 1268; baseline -0.006 -17"><span class='ocrx_word' id='word_1_20' title='bbox 525 1189 579 1268; x_wconf 71' lang='grc' dir='ltr'>ξ.</span> <span class='ocrx_word' id='word_1_21' title='bbox 642 1192 853 1249; x_wconf 78' lang='grc'>2-3,</span> <span class='ocrx_word' id='word_1_22' title='bbox 933 1186 1247 1247; x_wconf 86' lang='lat' dir='ltr'>Proverbii</span> <span class='ocrx_word' id='word_1_23' title='bbox 1313 1187 1443 1245; x_wconf 92' lang='lat' dir='ltr'>loco</span> <span class='ocrx_word' id='word_1_24' title='bbox 1508 1189 1682 1245; x_wconf 88' lang='lat' dir='ltr'>aiunt</span> <span class='ocrx_word' id='word_1_25' title='bbox 1747 1173 1953 1241; x_wconf 64' lang='lat' dir='ltr'>lsKJ-‘ta</span> <span class='ocrx_word' id='word_1_26' title='bbox 2005 1176 2074 1252; x_wconf 59' lang='lat'>3!</span> <span class='ocrx_word' id='word_1_27' title='bbox 2127 1180 2285 1256; x_wconf 54' lang='grc' dir='ltr'>Μ</span> <span class='ocrx_word' id='word_1_28' title='bbox 2335 1182 2459 1264; x_wconf 53' lang='lat'>⁸5:23</span> <span class='ocrx_word' id='word_1_29' title='bbox 2522 1151 2592 1255; x_wconf 58' lang='lat' dir='ltr'>:K</span> <span class='ocrx_word' id='word_1_30' title='bbox 2611 1202 2627 1255; x_wconf 89' lang='lat'>;</span> 
     </span>
     <span class='ocr_line' id='line_1_6' title="bbox 332 1284 2272 1360; baseline -0.006 -8"><span class='ocrx_word' id='word_1_31' title='bbox 332 1295 409 1353; x_wconf 86' lang='lat' dir='ltr'>cf.</span> <span class='ocrx_word' id='word_1_32' title='bbox 464 1284 666 1351; x_wconf 84' lang='lat' dir='ltr'>autem</span> <span class='ocrx_word' id='word_1_33' title='bbox 718 1310 767 1349; x_wconf 89' lang='lat' dir='ltr'>c.</span> <span class='ocrx_word' id='word_1_34' title='bbox 829 1290 889 1360; x_wconf 84' lang='lat'>3,</span> <span class='ocrx_word' id='word_1_35' title='bbox 932 1292 967 1346; x_wconf 86' lang='lat'><strong>2</strong></span> <span class='ocrx_word' id='word_1_36' title='bbox 1022 1294 1088 1347; x_wconf 84' lang='lat' dir='ltr'>et</span> <span class='ocrx_word' id='word_1_37' title='bbox 1138 1309 1186 1347; x_wconf 88' lang='lat' dir='ltr'>c.</span> <span class='ocrx_word' id='word_1_38' title='bbox 1249 1288 1310 1360; x_wconf 88' lang='lat'>8,</span> <span class='ocrx_word' id='word_1_39' title='bbox 1350 1290 1411 1345; x_wconf 90' lang='grc'>8.</span> <span class='ocrx_word' id='word_1_40' title='bbox 2269 1301 2272 1302; x_wconf 70' lang='grc'>’</span> 
     </span>
    </p>

    <p class='ocr_par' dir='ltr' id='par_1_5' title="bbox 526 1378 2322 1469">
     <span class='ocr_line' id='line_1_7' title="bbox 526 1378 2322 1469; baseline -0.007 -18"><span class='ocrx_word' id='word_1_41' title='bbox 526 1390 582 1469; x_wconf 68' lang='grc' dir='ltr'>ξ.</span> <span class='ocrx_word' id='word_1_42' title='bbox 642 1396 703 1451; x_wconf 88' lang='grc'>4.</span> <span class='ocrx_word' id='word_1_43' title='bbox 758 1389 1158 1449; x_wconf 86' lang='lat' dir='ltr'>Dissuadetur</span> <span class='ocrx_word' id='word_1_44' title='bbox 1207 1388 1655 1447; x_wconf 80' lang='lat' dir='ltr'>matrimonium</span> <span class='ocrx_word' id='word_1_45' title='bbox 1709 1380 1814 1461; x_wconf 88' lang='lat' dir='ltr'>(cf.</span> <span class='ocrx_word' id='word_1_46' title='bbox 1871 1380 1925 1458; x_wconf 68' lang='grc' dir='ltr'>ξ.</span> <span class='ocrx_word' id='word_1_47' title='bbox 1983 1378 2322 1457; x_wconf 78' lang='lat'>10—14).</span> 
     </span>
    </p>

    <p class='ocr_par' dir='ltr' id='par_1_6' title="bbox 328 1478 2630 2455">
     <span class='ocr_line' id='line_1_8' title="bbox 526 1478 2628 1569; baseline -0.006 -18"><span class='ocrx_word' id='word_1_48' title='bbox 526 1490 581 1569; x_wconf 64' lang='grc' dir='ltr'>ξ.</span> <span class='ocrx_word' id='word_1_49' title='bbox 644 1478 855 1551; x_wconf 56' lang='grc' dir='ltr'>5Ᾰ-7,</span> <span class='ocrx_word' id='word_1_50' title='bbox 927 1486 1284 1567; x_wconf 82' lang='lat' dir='ltr'>Priusquam</span> <span class='ocrx_word' id='word_1_51' title='bbox 1336 1508 1431 1547; x_wconf 89' lang='lat' dir='ltr'>res</span> <span class='ocrx_word' id='word_1_52' title='bbox 1488 1489 1777 1546; x_wconf 87' lang='lat' dir='ltr'>humanas</span> <span class='ocrx_word' id='word_1_53' title='bbox 1841 1484 2136 1561; x_wconf 84' lang='lat' dir='ltr'>relinquit</span> <span class='ocrx_word' id='word_1_54' title='bbox 2187 1484 2384 1541; x_wconf 88' lang='lat' dir='ltr'>anima</span> <span class='ocrx_word' id='word_1_55' title='bbox 2447 1480 2628 1540; x_wconf 86' lang='lat' dir='ltr'>rebus</span> 
     </span>
     <span class='ocr_line' id='line_1_9' title="bbox 330 1581 2628 1671; baseline -0.007 -18"><span class='ocrx_word' id='word_1_56' title='bbox 330 1596 553 1654; x_wconf 85' lang='lat' dir='ltr'>futuris</span> <span class='ocrx_word' id='word_1_57' title='bbox 606 1590 925 1671; x_wconf 86' lang='lat' dir='ltr'>provideat</span> <span class='ocrx_word' id='word_1_58' title='bbox 978 1596 1227 1668; x_wconf 85' lang='lat' dir='ltr'>oportet</span> <span class='ocrx_word' id='word_1_59' title='bbox 1278 1594 1339 1647; x_wconf 87' lang='lat' dir='ltr'>et</span> <span class='ocrx_word' id='word_1_60' title='bbox 1384 1590 1748 1668; x_wconf 82' lang='lat' dir='ltr'>prospiciat3</span> <span class='ocrx_word' id='word_1_61' title='bbox 1801 1586 1878 1643; x_wconf 86' lang='lat' dir='ltr'>cf.</span> <span class='ocrx_word' id='word_1_62' title='bbox 1919 1605 1968 1643; x_wconf 83' lang='lat' dir='ltr'>c.</span> <span class='ocrx_word' id='word_1_63' title='bbox 2021 1586 2081 1655; x_wconf 88' lang='grc'>8,</span> <span class='ocrx_word' id='word_1_64' title='bbox 2122 1586 2330 1642; x_wconf 86' lang='grc'><strong>1-4,</strong></span> <span class='ocrx_word' id='word_1_65' title='bbox 2384 1614 2484 1624; x_wconf 87' lang='lat'>-—·</span> <span class='ocrx_word' id='word_1_66' title='bbox 2535 1581 2628 1639; x_wconf 86' lang='lat' dir='ltr'>De</span> 
     </span>
     <span class='ocr_line' id='line_1_10' title="bbox 330 1684 2627 1770; baseline -0.006 -16"><span class='ocrx_word' id='word_1_67' title='bbox 330 1692 385 1770; x_wconf 65' lang='grc' dir='ltr'>ξ.</span> <span class='ocrx_word' id='word_1_68' title='bbox 424 1697 611 1753; x_wconf 85' lang='grc'>5-6</span> <span class='ocrx_word' id='word_1_69' title='bbox 644 1715 696 1753; x_wconf 86' lang='lat' dir='ltr'>v.</span> <span class='ocrx_word' id='word_1_70' title='bbox 731 1692 805 1751; x_wconf 88' lang='lat' dir='ltr'>ad</span> <span class='ocrx_word' id='word_1_71' title='bbox 834 1712 882 1749; x_wconf 94' lang='lat' dir='ltr'>c.</span> <span class='ocrx_word' id='word_1_72' title='bbox 921 1693 981 1761; x_wconf 84' lang='lat'>3,</span> <span class='ocrx_word' id='word_1_73' title='bbox 1023 1694 1085 1750; x_wconf 87' lang='lat'>7.</span> <span class='ocrx_word' id='word_1_74' title='bbox 1119 1723 1216 1731; x_wconf 88' lang='lat'>—-</span> <span class='ocrx_word' id='word_1_75' title='bbox 1247 1690 1315 1748; x_wconf 93' lang='lat' dir='ltr'>In</span> <span class='ocrx_word' id='word_1_76' title='bbox 1354 1686 1409 1765; x_wconf 65' lang='grc' dir='ltr'>ξ.</span> <span class='ocrx_word' id='word_1_77' title='bbox 1446 1694 1481 1749; x_wconf 87' lang='lat'>7</span> <span class='ocrx_word' id='word_1_78' title='bbox 1526 1709 1646 1747; x_wconf 88' lang='lat' dir='ltr'>non</span> <span class='ocrx_word' id='word_1_79' title='bbox 1691 1686 1882 1757; x_wconf 77' lang='lat' dir='ltr'>solum</span> <span class='ocrx_word' id='word_1_80' title='bbox 1935 1686 2235 1745; x_wconf 84' lang='lat' dir='ltr'>sententia</span> <span class='ocrx_word' id='word_1_81' title='bbox 2287 1684 2392 1741; x_wconf 90' lang='lat' dir='ltr'>sed</span> <span class='ocrx_word' id='word_1_82' title='bbox 2445 1686 2627 1741; x_wconf 86' lang='lat' dir='ltr'>etiam</span> 
     </span>
     <span class='ocr_line' id='line_1_11' title="bbox 329 1781 2626 1855; baseline -0.006 0"><span class='ocrx_word' id='word_1_83' title='bbox 329 1796 529 1855; x_wconf 85' lang='lat' dir='ltr'>verbis</span> <span class='ocrx_word' id='word_1_84' title='bbox 582 1800 792 1852; x_wconf 85' lang='lat' dir='ltr'>auctor</span> <span class='ocrx_word' id='word_1_85' title='bbox 847 1795 1125 1851; x_wconf 85' lang='lat' dir='ltr'>convenit</span> <span class='ocrx_word' id='word_1_86' title='bbox 1176 1812 1308 1849; x_wconf 90' lang='lat' dir='ltr'>cum</span> <span class='ocrx_word' id='word_1_87' title='bbox 1332 1788 1654 1850; x_wconf 82' lang='lat' dir='ltr'>Fratribus</span> <span class='ocrx_word' id='word_1_88' title='bbox 1697 1786 1972 1845; x_wconf 86' lang='lat' dir='ltr'>Sinceris.</span> <span class='ocrx_word' id='word_1_89' title='bbox 2028 1781 2240 1843; x_wconf 83' lang='lat' dir='ltr'>Finem</span> <span class='ocrx_word' id='word_1_90' title='bbox 2293 1782 2626 1843; x_wconf 80' lang='lat' dir='ltr'>enim&#39;Fra-</span> 
     </span>
     <span class='ocr_line' id='line_1_12' title="bbox 329 1882 2628 1968; baseline -0.006 -14"><span class='ocrx_word' id='word_1_91' title='bbox 329 1902 489 1954; x_wconf 88' lang='lat' dir='ltr'>trum</span> <span class='ocrx_word' id='word_1_92' title='bbox 543 1894 918 1968; x_wconf 60' lang='lat' dir='ltr'>Sine-erorum</span> <span class='ocrx_word' id='word_1_93' title='bbox 970 1894 1489 1950; x_wconf 78' lang='lat' dir='ltr'>commentationis</span> <span class='ocrx_word' id='word_1_94' title='bbox 1547 1893 1610 1949; x_wconf 88' lang='grc'>9.</span> <span class='ocrx_word' id='word_1_95' title='bbox 1664 1888 1934 1947; x_wconf 87' lang='lat' dir='ltr'>breviter</span> <span class='ocrx_word' id='word_1_96' title='bbox 1983 1884 2380 1962; x_wconf 88' lang='lat' dir='ltr'>complectens</span> <span class='ocrx_word' id='word_1_97' title='bbox 2423 1882 2628 1942; x_wconf 88' lang='lat' dir='ltr'>Diete-</span> 
     </span>
     <span class='ocr_line' id='line_1_13' title="bbox 328 1985 2627 2073; baseline -0.004 -19"><span class='ocrx_word' id='word_1_98' title='bbox 328 1998 434 2054; x_wconf 85' lang='lat' dir='ltr'>rici</span> <span class='ocrx_word' id='word_1_99' title='bbox 476 1994 585 2053; x_wconf 86' lang='lat' dir='ltr'>Die</span> <span class='ocrx_word' id='word_1_100' title='bbox 630 1995 777 2073; x_wconf 85' lang='lat' dir='ltr'>Log.</span> <span class='ocrx_word' id='word_1_101' title='bbox 822 2014 904 2053; x_wconf 83' lang='lat' dir='ltr'>u.-</span> <span class='ocrx_word' id='word_1_102' title='bbox 927 1992 1135 2069; x_wconf 84' lang='lat' dir='ltr'>Psycb.</span> <span class='ocrx_word' id='word_1_103' title='bbox 1179 2012 1237 2070; x_wconf 87' lang='lat' dir='ltr'>p.</span> <span class='ocrx_word' id='word_1_104' title='bbox 1278 1990 1395 2051; x_wconf 84' lang='lat'>173</span> <span class='ocrx_word' id='word_1_105' title='bbox 1433 1990 1525 2051; x_wconf 78' lang='lat' dir='ltr'>Es</span> <span class='ocrx_word' id='word_1_106' title='bbox 1566 1987 1778 2063; x_wconf 74' lang='lat' dir='ltr'>erfolyt</span> <span class='ocrx_word' id='word_1_107' title='bbox 1819 1988 2014 2063; x_wconf 86' lang='lat' dir='ltr'>inquit</span> <span class='ocrx_word' id='word_1_108' title='bbox 2061 1989 2187 2046; x_wconf 72' lang='lat' dir='ltr'>eine</span> <span class='ocrx_word' id='word_1_109' title='bbox 2227 1985 2627 2058; x_wconf 64' lang='lat' dir='ltr'>ausfv‘lhrliche</span> 
     </span>
     <span class='ocr_line' id='line_1_14' title="bbox 330 2083 2627 2170; baseline -0.006 -14"><span class='ocrx_word' id='word_1_110' title='bbox 330 2096 723 2170; x_wconf 71' lang='lat' dir='ltr'>Ermahnuny</span> <span class='ocrx_word' id='word_1_111' title='bbox 780 2096 874 2155; x_wconf 78' lang='lat' dir='ltr'>die</span> <span class='ocrx_word' id='word_1_112' title='bbox 930 2094 1253 2170; x_wconf 73' lang='lat' dir='ltr'>yeyebenen</span> <span class='ocrx_word' id='word_1_113' title='bbox 1325 2088 1726 2162; x_wconf 63' lang='lat' dir='ltr'>Vorschriflen</span> <span class='ocrx_word' id='word_1_114' title='bbox 1781 2106 1858 2147; x_wconf 72' lang='lat' dir='ltr'>zu</span> <span class='ocrx_word' id='word_1_115' title='bbox 1925 2088 2266 2161; x_wconf 69' lang='lat' dir='ltr'>beherziyen</span> <span class='ocrx_word' id='word_1_116' title='bbox 2327 2083 2454 2143; x_wconf 79' lang='lat' dir='ltr'>und</span> <span class='ocrx_word' id='word_1_117' title='bbox 2513 2086 2627 2144; x_wconf 76' lang='lat' dir='ltr'>den</span> 
     </span>
     <span class='ocr_line' id='line_1_15' title="bbox 346 2186 2629 2257; baseline -0.006 0"><span class='ocrx_word' id='word_1_118' title='bbox 346 2194 595 2257; x_wconf 78' lang='lat' dir='ltr'>Wandel</span> <span class='ocrx_word' id='word_1_119' title='bbox 650 2196 758 2254; x_wconf 80' lang='lat' dir='ltr'>der</span> <span class='ocrx_word' id='word_1_120' title='bbox 798 2194 1274 2255; x_wconf 73' lang='lat' dir='ltr'>Gottvertrauten</span> <span class='ocrx_word' id='word_1_121' title='bbox 1322 2210 1398 2252; x_wconf 70' lang='lat' dir='ltr'>zu</span> <span class='ocrx_word' id='word_1_122' title='bbox 1455 2191 1700 2251; x_wconf 61' lang='lat' dir='ltr'>wahlen.</span> <span class='ocrx_word' id='word_1_123' title='bbox 1789 2188 1940 2248; x_wconf 81' lang='lat' dir='ltr'>Jene</span> <span class='ocrx_word' id='word_1_124' title='bbox 1979 2189 2135 2246; x_wconf 73' lang='lat' dir='ltr'>scien</span> <span class='ocrx_word' id='word_1_125' title='bbox 2191 2187 2308 2245; x_wconf 80' lang='lat' dir='ltr'>die</span> <span class='ocrx_word' id='word_1_126' title='bbox 2354 2186 2397 2243; x_wconf 90' lang='grc' dir='ltr'>Ι</span> <span class='ocrx_word' id='word_1_127' title='bbox 2403 2202 2629 2245; x_wconf 82' lang='lat' dir='ltr'>mame</span> 
     </span>
     <span class='ocr_line' id='line_1_16' title="bbox 330 2288 2630 2378; baseline -0.004 -23"><span class='ocrx_word' id='word_1_128' title='bbox 330 2296 815 2369; x_wconf 74' lang='lat' dir='ltr'>(Vorsteher)</span> <span class='ocrx_word' id='word_1_129' title='bbox 890 2297 1028 2356; x_wconf 85' lang='lat' dir='ltr'>der</span> <span class='ocrx_word' id='word_1_130' title='bbox 1086 2296 1399 2378; x_wconf 61' lang='lat' dir='ltr'>rechten</span> <span class='ocrx_word' id='word_1_131' title='bbox 1465 2294 1836 2366; x_wconf 75' lang='lat' dir='ltr'>Leituny,</span> <span class='ocrx_word' id='word_1_132' title='bbox 1921 2292 2044 2349; x_wconf 75' lang='lat' dir='ltr'>die</span> <span class='ocrx_word' id='word_1_133' title='bbox 2104 2288 2438 2349; x_wconf 78' lang='lat' dir='ltr'>Fackeln</span> <span class='ocrx_word' id='word_1_134' title='bbox 2501 2288 2630 2347; x_wconf 81' lang='lat' dir='ltr'>der</span> 
     </span>
     <span class='ocr_line' id='line_1_17' title="bbox 330 2398 836 2455; baseline 0.002 -1"><span class='ocrx_word' id='word_1_135' title='bbox 330 2398 836 2455; x_wconf 65' lang='lat' dir='ltr'>Finsternisa</span> 
     </span>
    </p>

    <p class='ocr_par' dir='ltr' id='par_1_7' title="bbox 328 2477 2973 3585">
     <span class='ocr_line' id='line_1_18' title="bbox 528 2477 2627 2570; baseline -0.003 -16"><span class='ocrx_word' id='word_1_136' title='bbox 528 2492 583 2570; x_wconf 66' lang='grc' dir='ltr'>ἓ.</span> <span class='ocrx_word' id='word_1_137' title='bbox 646 2477 857 2555; x_wconf 57' lang='lat'>84—9.</span> <span class='ocrx_word' id='word_1_138' title='bbox 926 2496 1015 2555; x_wconf 91' lang='lat' dir='ltr'>De</span> <span class='ocrx_word' id='word_1_139' title='bbox 1068 2498 1301 2555; x_wconf 88' lang='lat' dir='ltr'>animae</span> <span class='ocrx_word' id='word_1_140' title='bbox 1352 2498 1414 2552; x_wconf 90' lang='lat' dir='ltr'>in</span> <span class='ocrx_word' id='word_1_141' title='bbox 1465 2513 1564 2551; x_wconf 87' lang='lat' dir='ltr'>res</span> <span class='ocrx_word' id='word_1_142' title='bbox 1617 2491 1909 2550; x_wconf 84' lang='lat' dir='ltr'>humanas</span> <span class='ocrx_word' id='word_1_143' title='bbox 1959 2490 2245 2549; x_wconf 79' lang='lat' dir='ltr'>descensu</span> <span class='ocrx_word' id='word_1_144' title='bbox 2297 2490 2474 2567; x_wconf 88' lang='lat' dir='ltr'>plura</span> <span class='ocrx_word' id='word_1_145' title='bbox 2527 2512 2627 2549; x_wconf 86' lang='lat' dir='ltr'>ex-</span> 
     </span>
     <span class='ocr_line' id='line_1_19' title="bbox 332 2589 2624 2670; baseline -0.002 -16"><span class='ocrx_word' id='word_1_146' title='bbox 332 2597 503 2656; x_wconf 89' lang='lat' dir='ltr'>hibui</span> <span class='ocrx_word' id='word_1_147' title='bbox 555 2597 631 2654; x_wconf 87' lang='lat' dir='ltr'>ad</span> <span class='ocrx_word' id='word_1_148' title='bbox 684 2618 733 2656; x_wconf 88' lang='lat' dir='ltr'>c.</span> <span class='ocrx_word' id='word_1_149' title='bbox 773 2600 833 2668; x_wconf 88' lang='grc'>2,</span> <span class='ocrx_word' id='word_1_150' title='bbox 872 2599 1084 2656; x_wconf 84' lang='grc'><strong>5--6.</strong></span> <span class='ocrx_word' id='word_1_151' title='bbox 1138 2628 1237 2638; x_wconf 77' lang='lat'>--</span> <span class='ocrx_word' id='word_1_152' title='bbox 1295 2599 1578 2656; x_wconf 78' lang='lat' dir='ltr'>Illustres</span> <span class='ocrx_word' id='word_1_153' title='bbox 1615 2597 1870 2670; x_wconf 64' lang='lat' dir='ltr'>hospites</span> <span class='ocrx_word' id='word_1_154' title='bbox 1922 2589 2005 2667; x_wconf 69' lang='grc' dir='ltr'>(ξ.</span> <span class='ocrx_word' id='word_1_155' title='bbox 2043 2589 2112 2667; x_wconf 89' lang='grc'>8)</span> <span class='ocrx_word' id='word_1_156' title='bbox 2167 2592 2448 2651; x_wconf 89' lang='lat' dir='ltr'>dicuntur</span> <span class='ocrx_word' id='word_1_157' title='bbox 2499 2595 2624 2651; x_wconf 89' lang='lat' dir='ltr'>ani-</span> 
     </span>
     <span class='ocr_line' id='line_1_20' title="bbox 328 2691 2625 2776; baseline -0.003 -20"><span class='ocrx_word' id='word_1_158' title='bbox 328 2719 459 2756; x_wconf 85' lang='lat' dir='ltr'>mae</span> <span class='ocrx_word' id='word_1_159' title='bbox 488 2695 594 2776; x_wconf 84' lang='lat' dir='ltr'>(cf.</span> <span class='ocrx_word' id='word_1_160' title='bbox 629 2718 677 2756; x_wconf 91' lang='lat' dir='ltr'>c.</span> <span class='ocrx_word' id='word_1_161' title='bbox 717 2701 776 2769; x_wconf 87' lang='lat'>7,</span> <span class='ocrx_word' id='word_1_162' title='bbox 812 2694 904 2772; x_wconf 88' lang='lat'>4),</span> <span class='ocrx_word' id='word_1_163' title='bbox 952 2718 1105 2774; x_wconf 87' lang='lat' dir='ltr'>quae</span> <span class='ocrx_word' id='word_1_164' title='bbox 1150 2697 1483 2775; x_wconf 81' lang='lat' dir='ltr'>appellatio</span> <span class='ocrx_word' id='word_1_165' title='bbox 1536 2716 1720 2772; x_wconf 89' lang='lat' dir='ltr'>quum</span> <span class='ocrx_word' id='word_1_166' title='bbox 1773 2696 2012 2752; x_wconf 89' lang='lat' dir='ltr'>omnino</span> <span class='ocrx_word' id='word_1_167' title='bbox 2063 2695 2125 2751; x_wconf 92' lang='lat' dir='ltr'>in</span> <span class='ocrx_word' id='word_1_168' title='bbox 2177 2691 2625 2752; x_wconf 87' lang='lat' dir='ltr'>Platonicorum</span> 
     </span>
     <span class='ocr_line' id='line_1_21' title="bbox 330 2777 2637 2876; baseline -0.002 -20"><span class='ocrx_word' id='word_1_169' title='bbox 330 2799 402 2856; x_wconf 89' lang='lat' dir='ltr'>de</span> <span class='ocrx_word' id='word_1_170' title='bbox 453 2801 650 2856; x_wconf 88' lang='lat' dir='ltr'>anima</span> <span class='ocrx_word' id='word_1_171' title='bbox 702 2799 1039 2857; x_wconf 86' lang='lat' dir='ltr'>doctrinam</span> <span class='ocrx_word' id='word_1_172' title='bbox 1093 2801 1319 2876; x_wconf 91' lang='lat' dir='ltr'>optime</span> <span class='ocrx_word' id='word_1_173' title='bbox 1372 2796 1652 2874; x_wconf 79' lang='lat' dir='ltr'>quadrat,</span> <span class='ocrx_word' id='word_1_174' title='bbox 1705 2802 1836 2854; x_wconf 85' lang='lat' dir='ltr'>tum</span> <span class='ocrx_word' id='word_1_175' title='bbox 1887 2795 2178 2871; x_wconf 87' lang='lat' dir='ltr'>imprimis</span> <span class='ocrx_word' id='word_1_176' title='bbox 2217 2793 2487 2852; x_wconf 89' lang='lat' dir='ltr'>Philonis</span> <span class='ocrx_word' id='word_1_177' title='bbox 2540 2777 2637 2851; x_wconf 42' lang='lat' dir='ltr'>lo-&#39;</span> 
     </span>
     <span class='ocr_line' id='line_1_22' title="bbox 329 2893 2626 2975; baseline -0.001 -21"><span class='ocrx_word' id='word_1_178' title='bbox 329 2919 460 2956; x_wconf 91' lang='lat' dir='ltr'>cum</span> <span class='ocrx_word' id='word_1_179' title='bbox 512 2896 601 2955; x_wconf 89' lang='lat' dir='ltr'>De</span> <span class='ocrx_word' id='word_1_180' title='bbox 652 2899 809 2957; x_wconf 88' lang='lat' dir='ltr'>conf.</span> <span class='ocrx_word' id='word_1_181' title='bbox 864 2899 1055 2974; x_wconf 82' lang='lat' dir='ltr'>liugn.</span> <span class='ocrx_word' id='word_1_182' title='bbox 1110 2899 1269 2957; x_wconf 91' lang='lat' dir='ltr'>Phil.</span> <span class='ocrx_word' id='word_1_183' title='bbox 1326 2919 1465 2975; x_wconf 86' lang='lat' dir='ltr'>opp.</span> <span class='ocrx_word' id='word_1_184' title='bbox 1522 2898 1615 2955; x_wconf 91' lang='lat' dir='ltr'>ed.</span> <span class='ocrx_word' id='word_1_185' title='bbox 1670 2895 1920 2954; x_wconf 83' lang='lat' dir='ltr'>Pfeiffer</span> <span class='ocrx_word' id='word_1_186' title='bbox 1969 2893 2078 2952; x_wconf 89' lang='grc' dir='ltr'>ΙΙΙ.</span> <span class='ocrx_word' id='word_1_187' title='bbox 2133 2915 2194 2971; x_wconf 90' lang='lat' dir='ltr'>p.</span> <span class='ocrx_word' id='word_1_188' title='bbox 2234 2895 2626 2954; x_wconf 80' lang='lat'>348—350</span> 
     </span>
     <span class='ocr_line' id='line_1_23' title="bbox 330 2995 2627 3074; baseline -0.001 -20"><span class='ocrx_word' id='word_1_189' title='bbox 330 2999 391 3055; x_wconf 89' lang='lat' dir='ltr'>in</span> <span class='ocrx_word' id='word_1_190' title='bbox 443 3001 786 3056; x_wconf 83' lang='lat' dir='ltr'>memoriam</span> <span class='ocrx_word' id='word_1_191' title='bbox 838 2999 1081 3074; x_wconf 85' lang='lat' dir='ltr'>redigit.</span> <span class='ocrx_word' id='word_1_192' title='bbox 1136 3030 1235 3038; x_wconf 93' lang='lat'><strong>—</strong></span> <span class='ocrx_word' id='word_1_193' title='bbox 1288 2998 1608 3056; x_wconf 85' lang='lat' dir='ltr'>Rationem</span> <span class='ocrx_word' id='word_1_194' title='bbox 1662 2999 1824 3054; x_wconf 88' lang='lat' dir='ltr'>inter</span> <span class='ocrx_word' id='word_1_195' title='bbox 1875 3014 1970 3053; x_wconf 89' lang='lat' dir='ltr'>res</span> <span class='ocrx_word' id='word_1_196' title='bbox 2025 2995 2152 3052; x_wconf 91' lang='lat' dir='ltr'>sola</span> <span class='ocrx_word' id='word_1_197' title='bbox 2194 3001 2394 3053; x_wconf 89' lang='lat' dir='ltr'>mente</span> <span class='ocrx_word' id='word_1_198' title='bbox 2447 2996 2627 3053; x_wconf 86' lang='lat' dir='ltr'>intel-</span> 
     </span>
     <span class='ocr_line' id='line_1_24' title="bbox 332 3095 2625 3174; baseline -0 -20"><span class='ocrx_word' id='word_1_199' title='bbox 332 3097 613 3174; x_wconf 85' lang='lat' dir='ltr'>legendas</span> <span class='ocrx_word' id='word_1_200' title='bbox 666 3104 727 3155; x_wconf 89' lang='lat' dir='ltr'>et</span> <span class='ocrx_word' id='word_1_201' title='bbox 778 3118 873 3156; x_wconf 85' lang='lat' dir='ltr'>res</span> <span class='ocrx_word' id='word_1_202' title='bbox 942 3099 1210 3160; x_wconf 79' lang='lat' dir='ltr'>sensibus</span> <span class='ocrx_word' id='word_1_203' title='bbox 1266 3095 1565 3154; x_wconf 72' lang='lat' dir='ltr'>subiectas</span> <span class='ocrx_word' id='word_1_204' title='bbox 1618 3095 2089 3153; x_wconf 85' lang='lat' dir='ltr'>intercedentem</span> <span class='ocrx_word' id='word_1_205' title='bbox 2141 3097 2402 3171; x_wconf 90' lang='lat' dir='ltr'>scriptor</span> <span class='ocrx_word' id='word_1_206' title='bbox 2453 3115 2501 3152; x_wconf 94' lang='lat' dir='ltr'>c.</span> <span class='ocrx_word' id='word_1_207' title='bbox 2567 3099 2625 3165; x_wconf 88' lang='lat'>1,</span> 
     </span>
     <span class='ocr_line' id='line_1_25' title="bbox 338 3179 2720 3271; baseline -0.001 -17"><span class='ocrx_word' id='word_1_208' title='bbox 338 3199 523 3255; x_wconf 79' lang='lat'>5---6</span> <span class='ocrx_word' id='word_1_209' title='bbox 580 3203 642 3255; x_wconf 85' lang='lat' dir='ltr'>et</span> <span class='ocrx_word' id='word_1_210' title='bbox 693 3219 744 3256; x_wconf 88' lang='lat' dir='ltr'>c.</span> <span class='ocrx_word' id='word_1_211' title='bbox 806 3201 864 3268; x_wconf 85' lang='lat'>2,</span> <span class='ocrx_word' id='word_1_212' title='bbox 900 3201 935 3256; x_wconf 87' lang='lat'>7</span> <span class='ocrx_word' id='word_1_213' title='bbox 992 3179 1343 3256; x_wconf 81' lang='lat' dir='ltr'>illustravit.</span> <span class='ocrx_word' id='word_1_214' title='bbox 1399 3196 1745 3256; x_wconf 87' lang='lat' dir='ltr'>Similitudo</span> <span class='ocrx_word' id='word_1_215' title='bbox 1797 3198 2056 3264; x_wconf 79' lang='lat' dir='ltr'>umbrae,</span> <span class='ocrx_word' id='word_1_216' title='bbox 2103 3201 2177 3252; x_wconf 90' lang='lat' dir='ltr'>ut</span> <span class='ocrx_word' id='word_1_217' title='bbox 2229 3195 2390 3271; x_wconf 90' lang='lat' dir='ltr'>apud</span> <span class='ocrx_word' id='word_1_218' title='bbox 2442 3193 2625 3252; x_wconf 84' lang='lat' dir='ltr'>Grae·</span> <span class='ocrx_word' id='word_1_219' title='bbox 2715 3241 2720 3245; x_wconf 93' lang='lat'>.</span> 
     </span>
     <span class='ocr_line' id='line_1_26' title="bbox 330 3275 2714 3374; baseline -0.001 -19"><span class='ocrx_word' id='word_1_220' title='bbox 330 3318 429 3355; x_wconf 89' lang='lat' dir='ltr'>cos</span> <span class='ocrx_word' id='word_1_221' title='bbox 482 3299 871 3355; x_wconf 88' lang='lat' dir='ltr'>usitatissima</span> <span class='ocrx_word' id='word_1_222' title='bbox 928 3304 1037 3368; x_wconf 88' lang='lat' dir='ltr'>est,</span> <span class='ocrx_word' id='word_1_223' title='bbox 1092 3301 1179 3356; x_wconf 81' lang='lat' dir='ltr'>ita</span> <span class='ocrx_word' id='word_1_224' title='bbox 1231 3297 1391 3374; x_wconf 85' lang='lat' dir='ltr'>apud</span> <span class='ocrx_word' id='word_1_225' title='bbox 1434 3296 1666 3355; x_wconf 86' lang='lat' dir='ltr'>Arabes</span> <span class='ocrx_word' id='word_1_226' title='bbox 1721 3315 1959 3372; x_wconf 90' lang='lat' dir='ltr'>quoque</span> <span class='ocrx_word' id='word_1_227' title='bbox 2011 3296 2249 3372; x_wconf 89' lang='lat' dir='ltr'>saepius</span> <span class='ocrx_word' id='word_1_228' title='bbox 2300 3296 2625 3354; x_wconf 84' lang='lat' dir='ltr'>invenitur.</span> <span class='ocrx_word' id='word_1_229' title='bbox 2703 3275 2714 3322; x_wconf 63' lang='lat'>¹</span> 
     </span>
     <span class='ocr_line' id='line_1_27' title="bbox 332 3323 2947 3519; baseline -0.001 -63"><span class='ocrx_word' id='word_1_230' title='bbox 332 3397 733 3456; x_wconf 68' lang='lat' dir='ltr'>Al-Ghazzali</span> <span class='ocrx_word' id='word_1_231' title='bbox 799 3419 896 3476; x_wconf 87' lang='lat' dir='ltr'>ap.</span> <span class='ocrx_word' id='word_1_232' title='bbox 957 3397 1355 3456; x_wconf 89' lang='lat' dir='ltr'>Tholuckium</span> <span class='ocrx_word' id='word_1_233' title='bbox 1410 3395 1636 3456; x_wconf 87' lang='lat' dir='ltr'>Comm.</span> <span class='ocrx_word' id='word_1_234' title='bbox 1693 3397 1766 3454; x_wconf 90' lang='lat' dir='ltr'>de</span> <span class='ocrx_word' id='word_1_235' title='bbox 1822 3397 1879 3456; x_wconf 88' lang='lat' dir='ltr'>vi</span> <span class='ocrx_word' id='word_1_236' title='bbox 1933 3416 2111 3472; x_wconf 84' lang='lat' dir='ltr'>quam</span> <span class='ocrx_word' id='word_1_237' title='bbox 2164 3415 2378 3471; x_wconf 84' lang='lat' dir='ltr'>graeca</span> <span class='ocrx_word' id='word_1_238' title='bbox 2429 3396 2627 3473; x_wconf 89' lang='lat' dir='ltr'>philo·</span> <span class='ocrx_word' id='word_1_239' title='bbox 2687 3323 2710 3446; x_wconf 70' lang='grc' dir='ltr'>-Ι</span> <span class='ocrx_word' id='word_1_240' title='bbox 2737 3409 2947 3519; x_wconf 50' lang='lat' dir='ltr'><em>f</em></span> 
     </span>
     <span class='ocr_line' id='line_1_28' title="bbox 332 3447 2696 3585; baseline -0.001 -28"><span class='ocrx_word' id='word_1_241' title='bbox 332 3499 543 3577; x_wconf 84' lang='lat' dir='ltr'>sophia</span> <span class='ocrx_word' id='word_1_242' title='bbox 611 3501 673 3557; x_wconf 89' lang='lat' dir='ltr'>in</span> <span class='ocrx_word' id='word_1_243' title='bbox 746 3499 1114 3576; x_wconf 83' lang='lat' dir='ltr'>theologiam</span> <span class='ocrx_word' id='word_1_244' title='bbox 1182 3505 1310 3557; x_wconf 90' lang='lat' dir='ltr'>tum</span> <span class='ocrx_word' id='word_1_245' title='bbox 1375 3497 2011 3556; x_wconf 88' lang='lat' dir='ltr'>Muhammedanorum</span> <span class='ocrx_word' id='word_1_246' title='bbox 2082 3502 2209 3581; x_wconf 88' lang='lat' dir='ltr'>tum</span> <span class='ocrx_word' id='word_1_247' title='bbox 2274 3496 2628 3556; x_wconf 86' lang='lat' dir='ltr'>Iudaeorum</span> <span class='ocrx_word' id='word_1_248' title='bbox 2672 3447 2696 3585; x_wconf 57' lang='lat' dir='ltr'><em>l</em></span> 
     </span>
    </p>
   </div>
   <div class='ocr_carea' id='block_1_5' title="bbox 336 3596 2679 3685">
    <p class='ocr_par' dir='ltr' id='par_1_8' title="bbox 336 3596 2679 3685">
     <span class='ocr_line' id='line_1_29' title="bbox 336 3596 2679 3685; baseline 0 -27"><span class='ocrx_word' id='word_1_249' title='bbox 336 3601 689 3672; x_wconf 84' lang='lat' dir='ltr'>exercuerit,</span> <span class='ocrx_word' id='word_1_250' title='bbox 717 3599 933 3659; x_wconf 88' lang='lat' dir='ltr'>Hamb.</span> <span class='ocrx_word' id='word_1_251' title='bbox 972 3601 1305 3685; x_wconf 54' lang='lat'>1835--53</span> <span class='ocrx_word' id='word_1_252' title='bbox 1322 3603 1381 3671; x_wconf 89' lang='lat'>7,</span> <span class='ocrx_word' id='word_1_253' title='bbox 1407 3600 1456 3658; x_wconf 93' lang='grc' dir='ltr'>Ι.</span> <span class='ocrx_word' id='word_1_254' title='bbox 1484 3621 1545 3678; x_wconf 89' lang='lat' dir='ltr'>p.</span> <span class='ocrx_word' id='word_1_255' title='bbox 1585 3603 1612 3656; x_wconf 87' lang='lat'>1</span> <span class='ocrx_word' id='word_1_256' title='bbox 1632 3602 1667 3658; x_wconf 90' lang='lat'><strong>7</strong></span> <span class='ocrx_word' id='word_1_257' title='bbox 1698 3601 1905 3660; x_wconf 74' lang='lat' dir='ltr'>mundi</span> <span class='ocrx_word' id='word_1_258' title='bbox 1943 3599 2274 3672; x_wconf 76' lang='lat' dir='ltr'>corporalis</span> <span class='ocrx_word' id='word_1_259' title='bbox 2306 3599 2504 3675; x_wconf 86' lang='lat' dir='ltr'>inquit</span> <span class='ocrx_word' id='word_1_260' title='bbox 2549 3601 2630 3658; x_wconf 81' lang='lat' dir='ltr'>ad</span> <span class='ocrx_word' id='word_1_261' title='bbox 2659 3596 2679 3685; x_wconf 65' lang='lat' dir='ltr'><em>J</em></span> 
     </span>
    </p>
   </div>
   <div class='ocr_carea' id='block_1_6' title="bbox 228 3700 2628 3777">
    <p class='ocr_par' dir='ltr' id='par_1_9' title="bbox 228 3700 2628 3777">
     <span class='ocr_line' id='line_1_30' title="bbox 228 3700 2628 3777; baseline 0 -17"><span class='ocrx_word' id='word_1_262' title='bbox 228 3755 233 3760; x_wconf 83' lang='grc'><strong>.</strong></span> <span class='ocrx_word' id='word_1_263' title='bbox 328 3721 459 3764; x_wconf 73' lang='lat' dir='ltr'>eum</span> <span class='ocrx_word' id='word_1_264' title='bbox 496 3703 797 3774; x_wconf 74' lang='lat' dir='ltr'>mundum,</span> <span class='ocrx_word' id='word_1_265' title='bbox 865 3704 937 3762; x_wconf 83' lang='lat' dir='ltr'>de</span> <span class='ocrx_word' id='word_1_266' title='bbox 983 3721 1097 3777; x_wconf 78' lang='lat' dir='ltr'>quo</span> <span class='ocrx_word' id='word_1_267' title='bbox 1138 3702 1307 3761; x_wconf 80' lang='lat' dir='ltr'>modo</span> <span class='ocrx_word' id='word_1_268' title='bbox 1351 3702 1608 3760; x_wconf 77' lang='lat' dir='ltr'>diximus</span> <span class='ocrx_word' id='word_1_269' title='bbox 1655 3731 1756 3742; x_wconf 92' lang='lat'>—-</span> <span class='ocrx_word' id='word_1_270' title='bbox 1803 3720 1882 3759; x_wconf 86' lang='lat' dir='ltr'>sc.</span> <span class='ocrx_word' id='word_1_271' title='bbox 1926 3703 2210 3760; x_wconf 77' lang='lat' dir='ltr'>mundum</span> <span class='ocrx_word' id='word_1_272' title='bbox 2253 3703 2343 3759; x_wconf 78' lang='lat' dir='ltr'>rei</span> <span class='ocrx_word' id='word_1_273' title='bbox 2390 3700 2628 3773; x_wconf 77' lang='lat' dir='ltr'>(realis)</span> 
     </span>
    </p>
   </div>
   <div class='ocr_carea' id='block_1_7' title="bbox 328 3802 2627 3978">
    <p class='ocr_par' dir='ltr' id='par_1_10' title="bbox 328 3802 2627 3978">
     <span class='ocr_line' id='line_1_31' title="bbox 328 3802 2624 3881; baseline -0.002 -18"><span class='ocrx_word' id='word_1_274' title='bbox 328 3809 502 3879; x_wconf 78' lang='lat' dir='ltr'>atque</span> <span class='ocrx_word' id='word_1_275' title='bbox 544 3805 887 3881; x_wconf 74' lang='lat' dir='ltr'>anyelorum</span> <span class='ocrx_word' id='word_1_276' title='bbox 929 3832 1046 3874; x_wconf 83' lang='lat'>——-‚</span> <span class='ocrx_word' id='word_1_277' title='bbox 1090 3807 1375 3863; x_wconf 79' lang='lat' dir='ltr'>rationem</span> <span class='ocrx_word' id='word_1_278' title='bbox 1404 3803 1596 3874; x_wconf 76' lang='lat' dir='ltr'>talem,</span> <span class='ocrx_word' id='word_1_279' title='bbox 1640 3804 1834 3876; x_wconf 74' lang='lat' dir='ltr'>qualis</span> <span class='ocrx_word' id='word_1_280' title='bbox 1862 3803 2104 3861; x_wconf 72' lang='lat' dir='ltr'>umbrae</span> <span class='ocrx_word' id='word_1_281' title='bbox 2149 3802 2230 3859; x_wconf 81' lang='lat' dir='ltr'>ad</span> <span class='ocrx_word' id='word_1_282' title='bbox 2273 3819 2490 3876; x_wconf 73' lang='lat' dir='ltr'>corpus</span> <span class='ocrx_word' id='word_1_283' title='bbox 2525 3803 2624 3860; x_wconf 78' lang='lat' dir='ltr'>ho-</span> 
     </span>
     <span class='ocr_line' id='line_1_32' title="bbox 328 3891 2627 3978; baseline -0.003 -14"><span class='ocrx_word' id='word_1_284' title='bbox 328 3908 519 3975; x_wconf 64' lang='lat' dir='ltr'>menis,</span> <span class='ocrx_word' id='word_1_285' title='bbox 564 3921 685 3964; x_wconf 68' lang='lat' dir='ltr'>esse</span> <span class='ocrx_word' id='word_1_286' title='bbox 724 3891 941 3976; x_wconf 42' lang='lat' dir='ltr'>seito&amp;</span> <span class='ocrx_word' id='word_1_287' title='bbox 978 3904 1134 3962; x_wconf 72' lang='lat' dir='ltr'>iffem</span> <span class='ocrx_word' id='word_1_288' title='bbox 1160 3906 1351 3963; x_wconf 73' lang='lat' dir='ltr'>simile</span> <span class='ocrx_word' id='word_1_289' title='bbox 1381 3903 1955 3964; x_wconf 66' lang='lat' dir='ltr'>Al-shahrastanss.</span> <span class='ocrx_word' id='word_1_290' title='bbox 1985 3903 2027 3960; x_wconf 90' lang='lat'>1.</span> <span class='ocrx_word' id='word_1_291' title='bbox 2051 3923 2112 3978; x_wconf 84' lang='lat' dir='ltr'>p.</span> <span class='ocrx_word' id='word_1_292' title='bbox 2152 3903 2314 3972; x_wconf 85' lang='lat'>210,</span> <span class='ocrx_word' id='word_1_293' title='bbox 2351 3901 2627 3959; x_wconf 71' lang='lat' dir='ltr'>5‘ortho-</span> 
     </span>
    </p>
   </div>
   <div class='ocr_carea' id='block_1_8' title="bbox 331 4129 2628 4465">
    <p class='ocr_par' dir='ltr' id='par_1_11' title="bbox 331 4129 2628 4378">
     <span class='ocr_line' id='line_1_33' title="bbox 536 4129 2628 4204; baseline -0.002 -15"><span class='ocrx_word' id='word_1_294' title='bbox 536 4135 552 4168; x_wconf 87' lang='lat'><em>¹</em></span> <span class='ocrx_word' id='word_1_295' title='bbox 592 4133 783 4189; x_wconf 75' lang='lat' dir='ltr'>Omnis</span> <span class='ocrx_word' id='word_1_296' title='bbox 816 4149 903 4188; x_wconf 77' lang='lat' dir='ltr'>res</span> <span class='ocrx_word' id='word_1_297' title='bbox 928 4133 1003 4188; x_wconf 81' lang='lat' dir='ltr'>ad</span> <span class='ocrx_word' id='word_1_298' title='bbox 1038 4150 1150 4188; x_wconf 78' lang='lat' dir='ltr'>rem</span> <span class='ocrx_word' id='word_1_299' title='bbox 1174 4129 1289 4204; x_wconf 68' lang='lat' dir='ltr'>ipsi</span> <span class='ocrx_word' id='word_1_300' title='bbox 1322 4134 1552 4188; x_wconf 76' lang='lat' dir='ltr'>similem</span> <span class='ocrx_word' id='word_1_301' title='bbox 1590 4133 1845 4188; x_wconf 70' lang='lat' dir='ltr'>inclinat.</span> <span class='ocrx_word' id='word_1_302' title='bbox 1883 4134 2126 4202; x_wconf 79' lang='lat' dir='ltr'>Freytag</span> <span class='ocrx_word' id='word_1_303' title='bbox 2149 4130 2242 4186; x_wconf 92' lang='lat'>1.1.</span> <span class='ocrx_word' id='word_1_304' title='bbox 2263 4131 2363 4199; x_wconf 92' lang='lat' dir='ltr'>III,</span> <span class='ocrx_word' id='word_1_305' title='bbox 2383 4133 2428 4185; x_wconf 90' lang='lat'>1.</span> <span class='ocrx_word' id='word_1_306' title='bbox 2446 4149 2501 4200; x_wconf 87' lang='lat' dir='ltr'>p.</span> <span class='ocrx_word' id='word_1_307' title='bbox 2521 4131 2628 4184; x_wconf 81' lang='lat'>447</span> 
     </span>
     <span class='ocr_line' id='line_1_34' title="bbox 331 4219 2628 4290; baseline -0.001 -16"><span class='ocrx_word' id='word_1_308' title='bbox 331 4237 385 4274; x_wconf 89' lang='lat' dir='ltr'>n.</span> <span class='ocrx_word' id='word_1_309' title='bbox 408 4221 574 4290; x_wconf 80' lang='lat'>26883</span> <span class='ocrx_word' id='word_1_310' title='bbox 612 4219 682 4275; x_wconf 84' lang='lat' dir='ltr'>cf.</span> <span class='ocrx_word' id='word_1_311' title='bbox 706 4222 1005 4275; x_wconf 86' lang='lat' dir='ltr'>sententias</span> <span class='ocrx_word' id='word_1_312' title='bbox 1040 4238 1265 4290; x_wconf 83' lang='lat' dir='ltr'>graecas</span> <span class='ocrx_word' id='word_1_313' title='bbox 1302 4239 1337 4274; x_wconf 87' lang='lat' dir='ltr'>a</span> <span class='ocrx_word' id='word_1_314' title='bbox 1371 4221 1790 4274; x_wconf 85' lang='lat' dir='ltr'>Gildemeistero</span> <span class='ocrx_word' id='word_1_315' title='bbox 1819 4220 1972 4274; x_wconf 86' lang='lat' dir='ltr'>Sexti</span> <span class='ocrx_word' id='word_1_316' title='bbox 2011 4220 2410 4274; x_wconf 86' lang='lat' dir='ltr'>sententiarum</span> <span class='ocrx_word' id='word_1_317' title='bbox 2445 4235 2628 4272; x_wconf 89' lang='lat' dir='ltr'>recen·</span> 
     </span>
     <span class='ocr_line' id='line_1_35' title="bbox 331 4307 1791 4378; baseline -0.002 -14"><span class='ocrx_word' id='word_1_318' title='bbox 331 4311 526 4378; x_wconf 71' lang='lat' dir='ltr'>aiones,</span> <span class='ocrx_word' id='word_1_319' title='bbox 562 4309 785 4363; x_wconf 83' lang='lat' dir='ltr'>Bonnae</span> <span class='ocrx_word' id='word_1_320' title='bbox 827 4310 981 4378; x_wconf 70' lang='lat'>1873,</span> <span class='ocrx_word' id='word_1_321' title='bbox 1023 4325 1077 4377; x_wconf 89' lang='lat' dir='ltr'>p.</span> <span class='ocrx_word' id='word_1_322' title='bbox 1111 4311 1181 4362; x_wconf 84' lang='lat'>75</span> <span class='ocrx_word' id='word_1_323' title='bbox 1220 4309 1256 4363; x_wconf 87' lang='lat'>1.</span> <span class='ocrx_word' id='word_1_324' title='bbox 1296 4307 1331 4362; x_wconf 77' lang='lat'><strong>3</strong></span> <span class='ocrx_word' id='word_1_325' title='bbox 1368 4327 1485 4378; x_wconf 84' lang='lat' dir='ltr'>sqq.</span> <span class='ocrx_word' id='word_1_326' title='bbox 1520 4308 1791 4362; x_wconf 82' lang='lat' dir='ltr'>laudatas.</span> 
     </span>
    </p>

    <p class='ocr_par' dir='ltr' id='par_1_12' title="bbox 532 4395 2627 4465">
     <span class='ocr_line' id='line_1_36' title="bbox 532 4395 2627 4465; baseline -0.001 -15"><span class='ocrx_word' id='word_1_327' title='bbox 532 4398 555 4430; x_wconf 81' lang='lat'><strong>²</strong></span> <span class='ocrx_word' id='word_1_328' title='bbox 589 4396 887 4465; x_wconf 84' lang='lat' dir='ltr'>Perperam</span> <span class='ocrx_word' id='word_1_329' title='bbox 936 4397 1159 4450; x_wconf 83' lang='lat' dir='ltr'>Franck</span> <span class='ocrx_word' id='word_1_330' title='bbox 1204 4397 1317 4452; x_wconf 76' lang='lat' dir='ltr'>Die</span> <span class='ocrx_word' id='word_1_331' title='bbox 1360 4395 1622 4452; x_wconf 72' lang='lat' dir='ltr'>Kabboela</span> <span class='ocrx_word' id='word_1_332' title='bbox 1667 4414 1721 4451; x_wconf 82' lang='lat' dir='ltr'>a.</span> <span class='ocrx_word' id='word_1_333' title='bbox 1775 4396 1831 4451; x_wconf 77' lang='lat' dir='ltr'>d.</span> <span class='ocrx_word' id='word_1_334' title='bbox 1882 4395 2149 4450; x_wconf 71' lang='lat' dir='ltr'>F&#39;mnzo&#39;c.</span> <span class='ocrx_word' id='word_1_335' title='bbox 2205 4395 2473 4449; x_wconf 60' lang='lat' dir='ltr'>ubersetzt</span> <span class='ocrx_word' id='word_1_336' title='bbox 2520 4409 2627 4449; x_wconf 78' lang='lat' dir='ltr'>von</span> 
     </span>
    </p>
   </div>
   <div class='ocr_carea' id='block_1_9' title="bbox 246 4482 2629 4556">
    <p class='ocr_par' dir='ltr' id='par_1_13' title="bbox 246 4482 2629 4556">
     <span class='ocr_line' id='line_1_37' title="bbox 246 4482 2629 4556; baseline -0.003 -15"><span class='ocrx_word' id='word_1_337' title='bbox 246 4525 250 4528; x_wconf 90' lang='lat'><em>-</em></span> <span class='ocrx_word' id='word_1_338' title='bbox 330 4485 569 4542; x_wconf 75' lang='lat' dir='ltr'>Gelinek.</span> <span class='ocrx_word' id='word_1_339' title='bbox 607 4485 744 4556; x_wconf 74' lang='lat' dir='ltr'>Dpz.</span> <span class='ocrx_word' id='word_1_340' title='bbox 784 4489 939 4542; x_wconf 73' lang='lat'>1844.</span> <span class='ocrx_word' id='word_1_341' title='bbox 977 4504 1030 4554; x_wconf 89' lang='lat' dir='ltr'>p.</span> <span class='ocrx_word' id='word_1_342' title='bbox 1056 4486 1127 4539; x_wconf 82' lang='lat'>84</span> <span class='ocrx_word' id='word_1_343' title='bbox 1163 4485 1469 4540; x_wconf 83' lang='lat' dir='ltr'>Tholuckio</span> <span class='ocrx_word' id='word_1_344' title='bbox 1506 4485 1807 4554; x_wconf 84' lang='lat' dir='ltr'>exprobrat</span> <span class='ocrx_word' id='word_1_345' title='bbox 1853 4484 2002 4554; x_wconf 86' lang='lat' dir='ltr'>quod</span> <span class='ocrx_word' id='word_1_346' title='bbox 2048 4483 2236 4537; x_wconf 82' lang='lat' dir='ltr'>istum·</span> <span class='ocrx_word' id='word_1_347' title='bbox 2255 4482 2629 4536; x_wconf 69' lang='lat' dir='ltr'>Al-Ghazzalii</span> 
     </span>
    </p>
   </div>
  </div>
 </body>
</html>
