3099 5147
1409 413 1563 473 ·1V

585 618 896 678 Accedunt
947 623 1072 676 tres
1123 617 1353 675 codices
1406 620 1510 694 qui
1561 623 1757 677 totum
1810 619 2032 676 librum
2084 617 2391 676 exhibent.

589 719 821 777 Primus
850 720 1108 777 Oxoniae
1161 722 1362 776 exstat
1414 721 1476 776 in
1529 718 1899 777 bibliotheca
1924 718 2253 777 Bodleiano.
2300 721 2459 777 inter
2510 717 2681 775 codd.

390 821 580 878 Hunt.
638 841 696 878 n.
759 821 920 878 589.
975 819 1084 877 fol.
1133 820 1471 877 50--169
1515 849 1583 858 --
1630 818 1791 878 Bibl.
1842 819 2018 877 Bodl.
2072 819 2245 877 codd.
2294 839 2431 877 mss.
2457 820 2678 876 orient.
2794 863 2797 866 .

391 927 508 979 cat.
591 920 639 978 Ι.
695 920 865 978 codd.
941 939 1059 996 syr.
1120 941 1181 996 p.
1247 919 1330 978 15
1387 939 1447 977 n.
1504 920 1614 990 75,
1676 923 1713 978 2
1768 949 1886 978 ·--.
1978 919 2094 978 Est
2166 920 2351 978 codex
2436 920 2683 993 syriacis

390 1023 584 1079 literis
637 1026 922 1079 exaratus
943 1012 962 1047 ¹
1031 1021 1136 1097 qui
1189 1021 1392 1096 quum'
1425 1021 1601 1078 initio
1666 1025 1730 1098 et
1781 1021 1896 1078 fine
1948 1026 2152 1078 careat
2202 1040 2395 1096 neque
2447 1019 2685 1077 librarii

307 1158 318 1172 ι
387 1142 602 1180 nomen
655 1120 838 1187 affert
882 1140 1077 1196 neque
1105 1122 1246 1185 anni
1297 1125 1500 1177 notam
1555 1123 1735 1197 gerit.
1840 1120 1927 1178 Et
1949 1121 2347 1198 praefationis
2400 1139 2436 1176 a
2487 1121 2683 1178 nescio
2800 1159 2805 1166 -

365 1225 507 1298 'quo
559 1223 908 1298 antiquario
967 1221 1126 1278 libro
1177 1223 1538 1297 praemissae
1590 1227 1653 1279 et
1702 1221 1951 1280 ultimae
2016 1223 2209 1298 partis
2275 1221 2491 1297 capitis
2571 1223 2598 1278 1
2618 1223 2681 1276 4.

353 1319 469 1398 ¹.(§
518 1325 751 1380 14-1
771 1317 860 1396 5),
915 1321 1014 1378 Ill.
1055 1319 1516 1378 Gildemeistero
1570 1323 1895 1380 comissime
1956 1321 2385 1390 intercedente,
2436 1321 2684 1378 collatio

384 1429 625 1500 praesto
679 1422 828 1479 mihi
879 1421 1020 1491 fuit,
1083 1441 1118 1478 a
1172 1419 1262 1478 Gl.
1317 1421 1519 1480 Etheo
1594 1425 1851 1480 maxima
1906 1442 2037 1480 cum
2095 1423 2474 1480 humanitate
2544 1440 2682 1479 con-

383 1523 560 1593 fecta,
641 1522 960 1580 secundum
1024 1541 1202 1597 quam
1267 1521 1462 1583 altero
1537 1523 1669 1580 loco
1738 1523 1922 1581 codex
1989 1543 2122 1581 cum
2190 1522 2317 1581 cod.
2382 1520 2685 1580 Bonnensi

385 1623 538 1682 adeo
591 1625 910 1693 consentit,
961 1626 1034 1680 ut
1069 1623 1326 1691 arctiore
1355 1622 1613 1698 quadam
1648 1643 1779 1680 cum
1830 1643 1901 1682 eo
1926 1627 2279 1682 coniunctus
2330 1642 2457 1680 esse
2483 1620 2681 1681 videa-

384 1731 488 1782 tur
537 1723 1012 1792 necessitudine3
1083 1721 1242 1798 quod
1296 1722 1535 1798 quidem
1600 1743 1729 1781 cum
1754 1727 2123 1783 ,coniectura
2190 1722 2367 1782 modo
2423 1722 2499 1780 de
2550 1721 2682 1782 cod.

385 1824 716 1883 Bonnensis
763 1825 996 1900 origine
1047 1825 1360 1900 proposita
1413 1804 1625 1881 mirum
1681 1830 1973 1900 quantum
2023 1825 2323 1886 convenit.
2562 1890 2573 1898 ⁹

583 1924 761 1984 Alter
810 1925 1116 1983 invenitur
1142 1922 1388 1980 Parisiis
1440 1925 1504 1980 in
1543 1923 1917 1983 bibliotheca
1968 1945 2121 2002 quae
2165 1929 2415 1983 vocatur
2466 1923 2675 1988 biblio-

381 2027 582 2099 theque
640 2025 936 2084 nationale
1015 2043 1161 2096 „ms.
1199 2023 1280 2081 du
1331 2024 1530 2102 suppl.
1578 2026 1709 2083 ar.“
1767 2045 1825 2084 n.
1888 2028 2000 2084 93.
2048 2026 2155 2085 fol.
2194 2023 2617 2086 142—203*
2639 2017 2682 2088 2.

390 2124 480 2182 Le
525 2142 628 2182 ms.
701 2154 766 2162 —
833 2123 1044 2181 scribit
1097 2121 1186 2181 Gl.
1241 2122 1587 2201 Zotenberg
1639 2128 1742 2203 qui
1814 2147 1849 2184 a
1902 2111 2361 2184 Gildemeistero
2435 2116 2685 2205 rogitus

324 2255 332 2263 ·
389 2243 617 2282 summa
668 2224 954 2281 comitate
1007 2228 1070 2282 et
1121 2224 1364 2304 brevem
1409 2225 1628 2283 codicis
1664 2227 2127 2303 descriptionem
2179 2233 2243 2286 et
2261 2229 2685 2288 nonnullorum

384 2325 648 2382 locorum
699 2323 1082 2382 collationem
1113 2327 1449 2383 transmisit
1499 2361 1586 2368 —-
1640 2329 1848 2400 paruit
1905 2327 2025 2386 &tre
2091 2330 2171 2388 (ln
2242 2327 2411 2387 XVe.
2482 2332 2684 2404 ε’ἰὲοῖες

391 2433 668 2506 quelques
705 2433 772 2504 ff.
817 2451 896 2492 au
943 2438 1411 2515 commcnccment
1448 2438 1501 2492 et
1541 2452 1622 2492 au
1658 2435 1861 2494 milieu
1902 2437 1983 2494 du
2012 2437 2237 2494 volume
2278 2440 2333 2494 ct
2373 2437 2425 2496 le
2452 2438 2691 2497 dernier

384 2556 637 2615 ouvrage
685 2543 809 2599 tout
853 2542 1038 2600 entier
1079 2515 1294 2627 (pa-<g
1327 2532 1605 2619 υκ-λὶίκυ
1621 2533 1859 2628 3ὶρἷ),
1914 2547 1952 2605 ὰ
1995 2547 2199 2619 partir
2243 2546 2324 2604 du
2366 2547 2471 2618 fol.
2523 2550 2685 2621 217„

383 2648 515 2702 sont
555 2644 698 2717 plus
737 2644 1059 2702 modernes.
1157 2642 1219 2701 Si
1295 2664 1368 2701 ex
1426 2644 1631 2721 paucis
1684 2650 1869 2723 atque
1936 2647 2211 2721 angustis
2264 2645 2689 2722 speciminibus

383 2745 575 2804 totius
628 2744 770 2801 libri
821 2744 1224 2803 coniecturam
1273 2763 1486 2821 capere
1539 2744 1701 2814 licet,
1756 2746 1942 2803 codex
1988 2748 2137 2803 satis
2178 2751 2455 2804 accurate
2505 2751 2689 2822 atque

389 2844 700 2902 emendate
749 2846 1010 2922 scriptus
1061 2864 1188 2903 esse
1234 2844 1493 2903 videtur.

487 2950 492 2955 ’
587 2943 828 3002 Tertius
880 2944 1137 3021 donique
1191 2951 1539 3005 asservatur
1590 2946 1654 3003 in
1704 2942 2075 3020 bibliotheca
2127 2942 2482 3001 Academiae
2520 2942 2683 3020 Lug-

386 3043 850 3103 duno-Batavae
916 3046 1079 3103 inter
1161 3045 1333 3104 codd.
1403 3045 1614 3105 Warn.
1690 3064 1749 3102 n.
1814 3046 2024 3101 1148.
2094 3043 2204 3102 fol.
2267 3039 2533 3102 71V—9
2549 3046 2582 3101 7
2592 3041 2616 3069 Γ
2639 3035 2683 3115 ³,

387 3166 561 3223 quem
614 3145 855 3221 quidem
923 3145 1187 3204 codicem
1243 3130 1314 3203 ut
1362 3151 1460 3205 sat
1525 3146 1630 3203 diu
1675 3144 1979 3202 commode
2044 3148 2109 3201 et
2159 3144 2349 3203 libere
2400 3147 2464 3201 in
2516 3164 2687 3203 usum

388 3267 582 3305 meum
621 3246 973 3317 conferrem,
1026 3246 1437 3316 intercedente
1489 3265 1719 3305 summo
1753 3246 2119 3321 magistratu
2168 3247 2337 3321 regio
2378 3270 2451 3303 nn
2496 3269 2689 3320 eonas,

383 3348 742 3405 clarissimus
765 3346 956 3423 legati
984 3346 1365 3405 Warneriani
1394 3348 1713 3424 interpres,
1770 3364 1887 3423 qua
1941 3350 2032 3403 est
2072 3344 2443 3404 liberalitate
2471 3349 2687 3423 gratiis

276 3474 279 3479 ·
383 3454 445 3507 et
489 3447 790 3505 laudibus
861 3447 1212 3523 dignissima
1285 3450 1599 3506 concessit.
1721 3444 2029 3503 Exaratus
2110 3455 2203 3503 est
2281 3447 2687 3517 festinantiUS‚

383 3568 563 3606 manu
609 3546 908 3625 expedita,
976 3546 1174 3606 literis
1225 3548 1655 3607 minutioribus
1726 3548 1791 3604 in
1842 3547 2183 3605 universum
2256 3549 2403 3605 satis
2457 3549 2689 3625 perspi-

426 3690 574 3697 ---

591 3744 608 3775 ¹
649 3743 1098 3813 Transscriptum
1155 3749 1339 3798 autem
1379 3763 1502 3799 eum
1541 3762 1658 3799 esse
1694 3762 1723 3797 e
1759 3743 1947 3799 codice
1966 3745 2200 3797 arabicis
2222 3743 2401 3797 literis
2436 3761 2693 3813 expresso

386 3832 557 3886 falsae
576 3832 840 3887 lectiones
876 3837 1153 3887 testantur
1191 3852 1330 3903 quae
1366 3851 1434 3887 ex
1469 3834 1771 3901 exemplari
1809 3832 2132 3886 carshunico
2158 3834 2365 3886 exoriri
2400 3832 2495 3885 vix
2530 3836 2690 3901 potu-

387 3925 569 3990 erunt,
605 3921 780 3975 veluti
817 3924 1034 4009 (μθ
1097 3940 1200 3990 pro
1239 3918 1474 4011 ὑμὲ-ἰ,
1529 3908 1737 3975 taxii»
1778 3938 1881 3988 pro
1920 3899 2108 4003 bjiiao,
2147 3920 2271 3973 alia.

600 4012 622 4042 2
657 4009 999 4063 Mentionem
1056 4009 1190 4063 facit
1247 4007 1450 4063 codicis
1497 4006 1559 4059 B.
1611 4006 1678 4060 de
1715 4005 2073 4061 Montfaucon
2112 4007 2455 4061 Bibliotheca
2491 4008 2691 4062 biblio·

390 4098 679 4152 thecarum
719 4097 1224 4167 manuscriptorum
1261 4114 1420 4150 nova.
1458 4095 1584 4149 Par.
1609 4096 1673 4147 17
1678 4096 1763 4148 39.
1803 4095 1872 4149 II.
1909 4114 1963 4165 p.
1990 4096 2127 4149 1042
2164 4113 2210 4149 e.
2229 4096 2290 4148 in
2309 4096 2694 4150 enumerandis

392 4186 551 4239 libris
587 4203 756 4239 manu
791 4186 1013 4255 scriptis
1050 4185 1419 4239 bibliothecae
1455 4185 1779 4237 monasterii
1816 4183 1867 4236 S.
1906 4184 2167 4238 German‘i
2203 4202 2235 4237 a
2269 4183 2471 4237 Pratis.

609 4274 630 4305 ³
669 4272 784 4327 Cat.
823 4272 980 4327 codd.
1034 4275 1232 4326 orient.
1271 4272 1406 4326 bibl.
1441 4270 1612 4325 Acad.
1650 4270 1978 4341 Lugd.·Bat.
2027 4272 2123 4326 ΙΙΙ.
2172 4290 2225 4341 p..
2274 4274 2379 4325 310
2416 4290 2470 4325 n.
2521 4270 2686 4339 14323

326 4375 330 4379 ’
383 4366 466 4414 est
521 4361 664 4432 liber
701 4360 970 4416 secundus
1013 4380 1042 4414 e
1093 4362 1274 4415 tribus
1319 4361 1418 4431 qui
1468 4359 1663 4413 eodem
1710 4360 1899 4415 codice
1950 4361 2335 4429 continentum
2383 4358 2452 4413 de
2504 4359 2689 4428 primo

383 4452 572 4521 agitur
607 4452 706 4507 111.
745 4470 800 4523 p.
847 4452 948 4507 166
982 4469 1036 4505 n.
1083 4451 1236 4521 1207,
1281 4450 1351 4507 de
1386 4450 1557 4505 tertio
1594 4448 1687 4506 IV.
1727 4468 1782 4519 p.
1820 4450 1927 4505 288
1959 4468 2014 4505 n.
2057 4451 2214 4505 2085.
