3099 5147
1597 441 1735 501 130

718 638 775 717 ξ.
831 641 1043 701 2—5.
1140 641 1375 712 Anima,
1412 642 1676 719 scriptor
1709 644 1816 713 ait,
1857 642 2011 701 nihil
2038 644 2347 721 antiquius
2380 644 2606 705 habeat
2641 666 2831 725 opor·

521 749 615 803 tet
666 763 844 822 quam
895 748 967 801 ut
1012 762 1211 801 rerum
1262 742 1658 803 humanarum
1711 743 1948 803 vincula
2004 744 2280 821 effugiat.
2337 745 2410 803 In
2459 746 2607 823 fuga
2661 750 2834 805 enim

524 865 729 905 eorum
784 864 939 923 quae
992 844 1105 902 sub
1156 862 1362 903 sensus
1413 844 1640 902 cadunt
1682 864 1974 903 summum
2025 846 2260 907 animae
2311 844 2486 904 finem
2524 848 2829 906 collocat:

519 943 575 1023 §-
625 951 751 1017 113
804 965 855 1004 c.
914 948 977 1015 4,
1038 946 1075 1003 6
1132 948 1195 1002 et
1254 948 1383 1015 143
1446 947 1555 1015 10,
1615 946 1692 1017 93
1743 946 1820 1003 cf.
1874 951 2119 1023 praeter
2171 946 2292 1003 alia
2344 945 2503 1005 Plat.
2559 946 2830 1059 Theaet-

516 1068 577 1125 p.
634 1044 1659 1116 176a—-b;Plot.Enn.1.2‚
1723 1050 1782 1104 1.

715 1143 770 1221 ἓ.
819 1150 893 1205 6.
1000 1145 1367 1223 Spectantur
1431 1146 1692 1205 virtutes
1754 1144 2104 1205 Platonicae
2171 1166 2326 1223 quae
2397 1154 2540 1207 sunt
2603 1144 2830 1228 σοφία,

514 1242 875 1325 σωφροσύνη,
920 1242 1191 1325 ἀνδρείας
1256 1247 1334 1305 cf.
1389 1246 1465 1304 ad
1518 1265 1569 1304 c.
1630 1250 1692 1317 4,
1753 1249 2013 1305 9—10.
2085 1242 2187 1289 -—'-
2261 1246 2410 1307 Cum
2461 1250 2640 1307 initio
2697 1250 2830 1306 loci

514 1350 641 1407 sine
717 1346 905 1407 dubio
979 1350 1192 1409 intime
1262 1347 1546 1405 cohaeret
1613 1350 1916 1407 sententia
1985 1348 2049 1405 in
2113 1347 2272 1406 libro
2323 1349 2668 1427 aethiopico
2717 1352 2829 1407 cui

512 1450 730 1507 titulus
784 1454 877 1507 est
933 1451 1083 1511 liber
1125 1450 1608 1525 philosophorum
1657 1478 1758 1489 -—
1806 1468 1904 1525 ap.
2004 1445 2433 1507 Dillmannium
2475 1449 2822 1509 Chrestom.

512 1548 676 1609 aeth.
731 1568 792 1627 p.
836 1552 925 1609 43
964 1572 1023 1610 n.
1072 1554 1231 1621 160,
1285 1548 1326 1608 b
1377 1582 1479 1593 -—·-
1524 1552 1871 1627 philosopho
1913 1551 2144 1611 cuidam
2195 1550 2463 1608 tributa:
2518 1551 2827 1623 Equidem

512 1644 729 1703 multas
788 1644 1121 1719 voluptates
1184 1644 1309 1703 vidi
1372 1660 1562 1718 neque
1625 1662 1764 1703 vcro
1819 1644 2140 1718 quidquam
2192 1644 2389 1701 inveni
2430 1643 2588 1717 quod
2625 1646 2828 1717 ’καρὶς

510 1744 911 1817 voluptarium
956 1750 1101 1805 esset
1145 1746 1333 1804 tribus
1373 1746 1547 1804 rebus
1589 1762 1740 1819 quae
1785 1744 2016 1821 quidem
2059 1747 2196 1801 sunt
2231 1744 2462 1803 animus
2491 1747 2819 1814 contentu-3,

508 1855 773 1922 scientia,
814 1849 1059 1913 divitiae
1102 1872 1251 1927 quae
1289 1872 1409 1914 non
1453 1872 1525 1913 cx
1549 1855 1842 1914 iniustitia
1861 1856 2176 1925 fluxerunt.
2197 1839 2218 1877 ¹
2274 1850 2368 1911 Of.
2398 1852 2474 1909 ad
2508 1870 2558 1910 c.
2595 1856 2624 1909 1
2643 1854 2704 1923 2,
2748 1854 2818 1910 3.

708 1950 765 2027 ξ.
811 1954 1022 2011 7-8,
1096 1953 1369 2013 Meidani
1409 1952 1545 2023 XX,
1584 1954 1668 2011 53
1726 1953 2115 2030 proverbium
2159 1952 2358 2015 affert„
2392 1941 2579 2029 υωῖ
2631 1944 2824 2010 Mi

512 2040 848 2144 Oba->333
900 2084 999 2093 —
1049 2053 1267 2112 Anima
1318 2056 1381 2112 in
1432 2053 1763 2131 periculum
1817 2060 2030 2113 vocata
2079 2055 2316 2131 saepius
2367 2053 2464 2113 avi
2498 2052 2822 2111 confertur

514 2154 791 2231 qualibet
842 2172 1019 2213 causa
1070 2156 1134 2212 in
1184 2155 1503 2213 discrimen
1555 2154 1881 2213 adductae:
1935 2174 1987 2212 c.
2048 2156 2107 2225 2,
2167 2157 2243 2225 93
2303 2157 2332 2211 1
2354 2157 2412 2223 1,
2474 2154 2535 2211 6.

712 2251 767 2329 ἓ.
828 2256 1011 2312 9--1
1033 2259 1092 2313 1.
1220 2256 1437 2314 Anima
1522 2260 1594 2314 ut
1669 2256 1914 2313 insitam
1997 2260 2182 2332 atque
2259 2256 2530 2312 innatam
2606 2272 2816 2311 rerum

516 2354 1063 2431 cognoscendarum
1116 2354 1472 2415 facultatem
1522 2375 1733 2415 revera
1783 2361 2057 2415 exerceat
2108 2354 2364 2414 rationis
2417 2354 2550 2411 luce
2585 2354 2819 2413 illumi-

514 2461 694 2514 netur
744 2475 983 2514 necesse
1036 2461 1146 2527 est,
1196 2476 1314 2533 qua
1365 2457 1416 2515 si
1469 2475 1720 2535 corpore
1775 2456 2188 2515 intercedente
2237 2456 2531 2533 privatur,
2613 2474 2820 2513 veram

512 2576 712 2616 rerum
765 2558 1169 2634 cognitionem
1214 2559 1499 2635 consequi
1548 2578 1670 2616 non
1721 2562 1962 2635 potest:
2020 2577 2069 2616 c.
2115 2560 2178 2628 4,
2231 2559 2340 2616 14.
2398 2585 2496 2598 -·
2549 2553 2640 2614 De
2689 2558 2818 2615 ista

512 2660 569 2716 vi
620 2659 909 2734 corporis,
978 2663 1049 2716 ut
1098 2657 1413 2717 Platonem
1466 2661 1713 2735 eiusque
1779 2663 2108 2716 sectatores
2168 2661 2372 2716 missos
2425 2656 2660 2726 faciam,
2730 2656 2812 2715 cf.

513 2757 940 2816 Poemandrem
1010 2755 1131 2833 (ed.
1187 2755 1485 2834 Parthey)
1548 2779 1599 2817 c.
1662 2762 1722 2829 7,
1783 2761 1845 2816 3.
1897 2789 1998 2798 ——
2070 2757 2218 2816 Cum
2285 2757 2816 2832 argumentatione

511 2858 745 2916 oculum
813 2860 929 2916 nisi
999 2857 1129 2916 luce
1192 2858 1515 2918 adiuvetur
1585 2879 1682 2917 res
1747 2859 1858 2917 sub
1911 2865 2220 2936 aspectum
2273 2857 2550 2916 cadentes
2601 2856 2810 2916 videre

509 2979 629 3017 non
681 2978 855 3035 posse
920 2959 996 3016 cf.
1053 2979 1123 3017 ea
1176 2980 1328 3036 quae
1382 2959 1540 3017 Plat.
1598 2959 1672 3018 de
1723 2979 1852 3036 rep.
1908 2981 1970 3037 p.
2034 2961 2170 3019 507
2178 2958 2350 3017 d——e
2396 2957 2672 3016 Socrates
2732 2958 2812 3016 de

509 3053 810 3136 colloquio
868 3064 1079 3118 narrat
1128 3061 1325 3137 ipsum
1376 3063 1536 3118 inter
1587 3065 1649 3117 et
1703 3059 2064 3118 Glauconem
2120 3060 2318 3118 facto:
2389 3051 2662 3134 Ἐνούοης
2696 3077 2812 3114 που

510 3148 575 3210 ἐν
622 3147 882 3227 ὄμμασιν
922 3147 1119 3226 ὅψεως
1154 3151 1254 3211 καὶ
1294 3149 1708 3231 ἐπιχειροῦντος
1746 3153 1846 3210 τοῦ
1889 3145 2110 3230 ἔχοντος
2135 3151 2409 3231 χρῆσθαι
2453 3147 2618 3234 αὐτῇ,
2659 3173 2810 3230 παρ-

510 3247 681 3328 ούσης
732 3247 797 3310 δὲ
844 3246 1031 3330 χρόας
1082 3248 1147 3311 ἐν
1202 3248 1411 3323 αὐτοῖς,
1478 3248 1586 3311 ἐὰν
1641 3249 1732 3329 μὴ
1794 3247 2179 3331 παραγένηται
2232 3246 2393 3330 γένος
2445 3247 2630 3330 τρίτον
2684 3249 2810 3334 ἰδίᾳ

507 3349 599 3410 ἐπ’
643 3348 785 3432 ᾳῦτὸ
827 3356 991 3412 τοῦτο
1033 3347 1302 3432 πεφυκός,
1346 3343 1532 3412 οἶσθα
1576 3347 1658 3412 ὅτι
1686 3347 1722 3430 ἦ
1749 3372 1806 3412 τε
1850 3348 1988 3427 ὄψις
2023 3347 2194 3410 οὐδὲν
2237 3347 2446 3426 ὄψεται
2479 3347 2546 3410 τά
2577 3373 2633 3412 τε
2649 3349 2810 3430 χρώ-

505 3473 665 3530 ματα
708 3446 864 3511 ἔσται
912 3449 1151 3531 ἀόρατα.
1204 3450 1379 3526 Τίνος
1419 3451 1495 3532 δὴ
1541 3449 1736 3534 λέγεις,
1787 3445 1916 3533 ἔφη,
1963 3449 2196 3525 rourum
2233 3449 2320 3509 Ὺ)
2363 3449 2440 3531 δὴ
2487 3473 2557 3511 συ
2599 3455 2810 3525 καλεῖς,

510 3545 585 3636 ἧν
626 3556 679 3618 (Γ
720 3557 852 3640 ἐγώ,
897 3563 1035 3641 φῶς.
1120 3561 1368 3641 Ἀληθῆ,
1417 3557 1547 3643 ἔφη,
1589 3557 1782 3641 λέγεις.
1841 3561 1934 3620 Cf.
1975 3563 2165 3620 Arist.
2205 3562 2278 3620 de
2319 3582 2416 3622 an.
2443 3562 2522 3632 II,
2574 3566 2608 3621 7
2643 3560 2808 3638 (plu-

510 3661 679 3718 ribus
732 3657 907 3737 locis)
964 3669 1027 3720 et
1078 3661 1187 3732 ΙΙΙ,
1248 3659 1431 3739 5.(Ρ
1492 3665 1658 3732 430,
1711 3667 1766 3732 a,
1824 3659 1963 3736 16).

755 3853 910 3860 μ*-

716 3961 735 3994 ¹
774 3961 937 4016 Levis
958 3960 1055 4014 illa
1078 3977 1219 4030 quae
1239 3961 1298 4015 in
1317 3959 1426 4016 fine
1447 3962 1600 4017 vocis
1621 3963 1865 4017 occurrit
1883 3964 2160 4035 arabicam
2179 3966 2328 4018 inter
2348 3968 2405 4019 et
2433 3963 2806 4035 aethiopicam

506 4052 877 4108 recensionem
916 4049 1291 4118 discrepantia
1325 4049 1485 4104 facile
1522 4069 1589 4105 ex
1625 4069 1815 4106 errore
1851 4053 2176 4122 interpretis
2210 4053 2510 4122 aethiopici
2529 4054 2807 4122 originem

504 4141 731 4194 duxerit
765 4138 1096 4193 vocabulum
1128 4126 1291 4212 :sill
1330 4139 1513 4192 minus
1551 4144 1698 4194 recte
1731 4141 2120 4211 intellegentis,

708 4230 730 4261 ²
767 4227 879 4282 Res
912 4227 1056 4282 duae
1088 4229 1289 4283 rubrae
1326 4227 1421 4298 [sc.
1442 4245 1574 4284 caro
1616 4235 1668 4284 et
1698 4229 1909 4298 vinum]
1929 4229 2171 4284 homines
2200 4235 2582 4300 corruperunt.
2629 4231 2799 4300 Frey-

504 4322 601 4386 tag
641 4317 673 4371 1.
715 4316 750 4370 1.
790 4316 860 4370 ῙΙ.
889 4327 955 4385 p.
994 4315 1115 4370 216.
