3099 5147
2052 235 2217 315 ΡΛ
2254 217 2574 320 ’ΜΟΆ

2061 395 2273 503 ⁷44

2072 551 2346 700 2573

634 1242 908 1300 Libellus
977 1245 1038 1301 in
1105 1259 1224 1318 quo
1277 1239 1524 1310 edend0‚
1578 1241 1887 1311 vertendo,
1956 1241 2315 1300 illustrando
2374 1243 2723 1320 opusculum

429 1349 704 1402 versatur
767 1345 968 1420 priore
1033 1362 1222 1419 eaque
1271 1341 1466 1410 multo
1529 1343 1759 1400 minore
1824 1363 1896 1400 ex
1948 1320 2124 1419 parte
2175 1363 2368 1420 nuper
2418 1345 2480 1400 in
2533 1344 2722 1402 lucem

430 1445 678 1522 prodiit,
744 1444 938 1502 altera
1011 1465 1083 1502 ex
1149 1448 1324 1520 parte
1393 1441 1588 1500 adhuc
1653 1445 1715 1500 in
1782 1443 2048 1502 codicum
2121 1463 2301 1502 manu
2363 1445 2721 1522 scriptorum

429 1546 696 1604 tenebris
732 1544 935 1602 latuit.
1039 1544 1165 1602 Iam
1194 1543 1240 1602 Ι.
1279 1542 1327 1601 Ι.
1359 1542 1582 1602 Reiske
1633 1565 1688 1602 a.
1726 1547 1755 1602 1
1776 1547 1913 1604 736
1956 1544 2312 1603 industriam
2352 1547 2415 1604 in
2442 1564 2513 1603 eo
2540 1546 2721 1604 collo-

427 1648 588 1705 cavit
654 1652 717 1704 et
767 1647 1028 1723 priorem
1081 1646 1206 1704 eius
1261 1649 1498 1722 partem
1572 1665 1604 1702 e
1657 1646 1856 1704 codice
1920 1625 2325 1704 bibliothecae
2386 1649 2723 1704 senatoriae

427 1749 692 1805 civitatis
741 1745 1072 1824 Lipsiensis
1132 1776 1210 1788 --
1271 1747 1432 1803 inter
1482 1745 1654 1803 codd.
1708 1746 1898 1816 arab„
1965 1767 2145 1824 pers„
2214 1753 2369 1805 turc.
2436 1766 2495 1804 11.
2559 1750 2719 1807 297.

369 1861 373 1865 ’
430 1843 608 1922 (29.)
662 1847 768 1906 fol.
831 1842 1262 1917 73V—-155¹;
1336 1847 1494 1923 apud
1549 1829 1991 1906 Naumannium
2050 1845 2183 1906 Cat.
2238 1847 2529 1905 librorum
2582 1868 2721 1908 11133.

429 1950 532 2025 qui
583 1949 645 2008 in
696 1947 846 2006 bibl.
902 1952 1093 2006 senat.
1147 1948 1260 2018 civ.
1313 1945 1482 2024 Lips.
1537 1954 1941 2006 asservantur.
1994 1969 2055 2024 p.
2118 1949 2253 2006 535
2324 1977 2399 1988 --
2459 1949 2523 2005 in
2552 1947 2721 2006 Lati-

428 2069 568 2106 num
620 2050 823 2118 vertit,
896 2067 1048 2126 quae
1121 2049 1313 2106 versio
1365 2047 1527 2106 foras
1593 2048 1737 2106 data
1815 2068 1935 2107 non
1960 2041 1967 2048 ’
1988 2053 2097 2118 est,
2174 2048 2277 2106 sed
2345 2049 2407 2106 in
2460 2049 2721 2108 eiusdem

426 2148 830 2207 bibliothecae
866 2183 878 2187 -
909 2149 1138 2206 scriniis
1203 2150 1489 2206 remansit
1514 2143 1554 2205 ¹.
1658 2147 1889 2206 Deinde
1939 2168 2082 2206 vero
2135 2147 2207 2206 V.
2264 2147 2359 2206 Ill.
2430 2173 2723 2208 rnnzscnnn

427 2250 680 2308 eundem
761 2248 1017 2306 codicem
1075 2245 1424 2305 Germanice
1474 2247 1772 2307 reddidit:
1851 2249 2101 2308 Hermes
2172 2251 2582 2327 Trismeyistus
2642 2271 2723 2311 an

427 2353 522 2410 die
567 2351 944 2410 menschliche
971 2349 1149 2425 §cele
1190 2350 1254 2405 in
1289 2347 1530 2425 Illgenii
1562 2349 1897 2422 Zeitschrift
1922 2349 2027 2422 Γᾶν
2056 2351 2151 2410 die
2170 2333 2513 2412 historischc
2543 2355 2721 2413 Theo-

427 2455 589 2530 loqie.
637 2454 758 2512 Bd.
804 2457 900 2512 10.
961 2451 1148 2525 (Lpz.
1193 2449 1402 2522 1840.)
1452 2470 1513 2526 p.
1568 2451 1931 2532 87-117,
1984 2453 2243 2527 triginta
2295 2457 2496 2510 autem
2548 2455 2720 2512 annis

427 2560 567 2633 post
619 2554 942 2613 collatione
1007 2551 1226 2611 codicis
1277 2548 1556 2609 Vaticani
1617 2582 1694 2593 —-
1757 2553 1919 2611 inter
1977 2551 2145 2611 codd.
2202 2552 2369 2624 arab.
2436 2576 2495 2613 n.
2560 2556 2718 2613 182.

429 2652 657 2733 (153.)
709 2655 816 2713 fol.
856 2658 1078 2713 104-
1106 2655 1278 2723 1323
1336 2651 1498 2729 apud
1523 2651 1938 2711 Assemanium
1961 2652 2120 2711 Bibl.
2151 2655 2367 2713 orient.
2400 2653 2721 2714 Clement.-

426 2755 620 2815 Vatic.
676 2754 785 2825 III,
849 2758 907 2813 1.
975 2776 1036 2833 p.
1099 2755 1234 2812 283
1285 2774 1344 2812 n.
1409 2753 1492 2811 25
1568 2782 1644 2793 -—-
1706 2756 1811 2831 qui
1860 2754 2108 2812 eandem
2160 2774 2339 2831 quam
2390 2755 2723 2833 Lipsiensis

424 2857 617 2915 libelli
670 2860 906 2934 partem
959 2854 1207 2913 exhibet
1257 2853 1502 2913 adiutus
1557 2854 1740 2913 verba
1796 2852 1950 2930 (eius
1991 2852 2213 2933 partis)
2267 2857 2506 2915 arabica
2558 2860 2721 2935 typis

358 2977 364 2981 ·
425 2957 762 3016 mandanda
815 2958 1048 3039 curavit
1087 2958 1290 3035 eisque
1342 2956 1912 3030 interpretationem
1969 2976 2136 3013 suam
2188 2956 2499 3015 subiunxit
2551 2959 2720 3016 novis
2773 2954 2781 2991 ³

424 3060 579 3116 curis
650 3062 1075 3116 retractatam:
1150 3057 1400 3115 Hermes
1433 3058 1845 3132 Trismeyisius
1889 3076 1969 3116 an
2009 3056 2104 3116 dic
2130 3059 2509 3119 menschliche
2538 3059 2719 3119 Seele.

428 3167 724 3227 Arabi-sch
766 3168 890 3225 und
918 3166 1153 3225 deutsck
1196 3166 1659 3240 kerausyeyebcn
1683 3184 1797 3225 von
1823 3166 1992 3237 Prof.
2024 3167 2141 3225 Dr.
2173 3167 2257 3224 H.
2286 3166 2363 3224 L.
2395 3167 2719 3225 Fleiseher.

429 3276 682 3350 Leipziq
724 3272 1074 3344 1870.*Qui
1125 3272 1366 3331 libellus
1419 3291 1603 3347 quum
1656 3274 1718 3330 in
1770 3275 2109 3332 universum
2160 3274 2301 3331 talis
2359 3276 2438 3332 sit
2477 3275 2715 3351 qualem
2804 3308 2811 3316 ·

423 3395 548 3434 esse
617 3395 752 3433 eum
819 3394 893 3431 ex
945 3374 1075 3450 ipso
1144 3374 1456 3451 scriptoris
1520 3374 1761 3430 nomine
1832 3375 2172 3445 conieceris,
2252 3394 2394 3433 sane
2470 3381 2563 3433 est
2614 3395 2718 3432 cur

423 3478 676 3545 mireris,
730 3495 823 3532 me
875 3474 1070 3532 denuo
1139 3473 1296 3531 idem
1365 3493 1514 3551 opus
1579 3474 1832 3551 aggredi
1874 3466 2107 3532 'ausum
2176 3494 2323 3533 esse.
2428 3475 2717 3533 Attamen

419 3576 597 3634 facile
665 3595 909 3633 excuser
957 3578 1193 3651 nutpote
1247 3575 1368 3650 qui,
1434 3579 1756 3652 postquam
1806 3577 2063 3652 primum
2128 3576 2397 3652 reliquae
2448 3581 2715 3635 tantum-

420 3676 596 3733 modo
650 3675 923 3753 opusculi
987 3676 1153 3751 parti
1215 3694 1250 3731 a
1296 3671 1641 3733 Fleischero
1676 3674 1825 3735 ’11011
1875 3681 2075 3734 tactae
2141 3675 2333 3735 lucem
2381 3676 2600 3735 afferre
2652 3679 2715 3735 in

376 3766 383 3774 ’
419 3778 620 3835 animo
665 3776 803 3845 fuit,
832 3782 963 3834 tum
994 3774 1232 3833 demum
1263 3774 1577 3832 consilium
1607 3778 1964 3835 mutaverim
1992 3797 2175 3853 quum
2208 3795 2502 3835 novorum
2552 3777 2713 3836 codi-

421 3897 552 3935 cum
605 3897 719 3954 ope
771 3876 1011 3935 adiutus
1064 3873 1395 3933 Fleischeri
1448 3880 1558 3933 aut
1608 3876 1928 3935 lectionem
1985 3883 2093 3936 aut
2145 3878 2711 3955 interpretationem

419 3977 721 4035 nonnullis
785 3978 930 4035 locis
981 3981 1216 4035 mutare
1273 3995 1448 4052 posse
1498 3976 1650 4034 mihi
1698 3979 1857 4035 visus
1910 3996 2037 4036 sum
2090 3977 2383 4055 simulque
2436 3998 2505 4036 ea
2558 4000 2710 4055 quae

417 4078 492 4136 ad
561 4082 983 4154 argumentum
1056 4077 1200 4135 libri
1251 4076 1677 4135 illustrandum
1746 4077 2106 4155 collegeram
2180 4080 2307 4136 sine
2372 4080 2519 4155 ipsis
2568 4081 2711 4138 scri-

414 4180 610 4255 ptoris
662 4179 858 4237 verbis
912 4178 1192 4237 exhiberi·
1234 4197 1355 4236 non
1406 4197 1581 4255 posse
1635 4178 1927 4237 intellexi.
2014 4177 2295 4237 Ceterum
2347 4180 2512 4237 aliud
2566 4180 2709 4257 quid

617 4390 636 4423 ²
669 4390 839 4445 Plura
882 4390 952 4445 de
988 4390 1205 4445 Reiskii
1241 4392 1390 4447 curis
1427 4391 1652 4446 exhib‘et
1698 4392 1781 4447 Ill.
1820 4391 2101 4447 Fleischer
2139 4393 2198 4445 in
2235 4391 2519 4461 prooemio
2578 4392 2714 4445 scri-

410 4484 638 4553 ptorum
673 4480 824 4539 illico
859 4480 1280 4537 laudandorum.

2418 4571 2439 4622 1

1154 4950 1792 5067 ’1171326313
