3099 5147
1632 418 1766 489 124

752 629 805 707 ξ.
868 633 1079 692 5-6,
1184 632 1311 691 Hoc
1360 633 1489 691 loco
1535 636 1731 710 primo
1797 638 2025 695 animae
2061 634 2546 709 praeexsistentia
2591 634 2835 708 attingi-

551 738 673 804 tur,
730 754 881 810 quae
934 736 1253 805 sententia,
1306 734 1355 791 si
1406 754 1609 793 verum
1663 737 1920 811 quaeris,
1974 735 2252 794 omnibus
2305 756 2457 814 quae
2495 754 2836 813 proponun-

552 844 654 891 tur
723 838 1065 913 praeceptis
1129 834 1523 912 omnibusque
1597 836 1701 912 qui
1776 835 2169 894 effunduntur
2234 836 2548 913 questibus
2615 834 2836 893 subest.

551 934 839 993 Similiter
876 958 939 995 se
985 936 1214 995 habent
1257 936 1483 1013 scripta
1530 936 1797 995 veterum
1849 936 2144 995 Sufiorum
2200 936 2283 1012 (v.
2323 936 2414 995 Ol.
2446 934 2840 994 Tholuckium

550 1035 880 1108 Ssufismus,
968 1036 1165 1097 Berol.
1248 1039 1454 1107 1821,
1528 1056 1589 1115 p.
1652 1039 1782 1096 127
1843 1035 2027 1115 sqq.)‚
2099 1037 2382 1097 Fratrum
2445 1036 2840 1103 Sincerorum‚

550 1136 1007 1208 Al-Ghazzalii3
1086 1160 1117 1197 e
1186 1139 1489 1196 contrario
1539 1137 1905 1197 Al-Farabi
1975 1140 2208 1197 animae
2284 1136 2844 1216 praeexsistentiam

550 1244 736 1314 negat
778 1236 981 1313 (Font.
1026 1243 1246 1313 quaest.
1298 1258 1346 1295 c.
1384 1236 1503 1311 22)
1559 1258 1734 1315 quem
1773 1244 1986 1316 postea
2015 1239 2136 1297 an
2165 1238 2308 1298 Sina
2339 1246 2403 1298 et
2429 1239 2551 1297 an
2583 1236 2844 1304 Ruschd‚

550 1337 1074 1397 Aristotelicorum
1126 1340 1287 1397 inter
1338 1338 1572 1397 Arabes
1621 1341 1942 1416 principe8‚
2014 1342 2203 1398 secuti
2255 1326 2454 1399 sunt.1
2518 1370 2621 1380 -—
2690 1335 2838 1396 Gau—

550 1458 674 1523 sam
739 1458 858 1516 qua
916 1441 1115 1497 anima
1178 1428 1437 1497 adducta
1501 1441 1601 1508 sit,
1673 1446 1744 1499 ut
1809 1442 1870 1497 in
1935 1441 2218 1499 mundum
2282 1440 2612 1504 exsistendi
2666 1442 2846 1514 atque

550 1540 891 1598 intereundi
944 1539 1347 1609 descenderet,
1415 1542 1677 1617 scriptor
1739 1562 1772 1599 e
1835 1540 2028 1599 libero
2095 1542 2354 1600 arbitrio
2427 1544 2551 1599 eius
2623 1540 2847 1617 repetit

550 1645 733 1717 atque
785 1642 846 1697 in
898 1640 1233 1717 cupiditate
1285 1642 1649 1717 cognitionis
1693 1642 1869 1718 ponit
1911 1662 2064 1718 quae
2109 1642 2351 1719 quidem
2397 1643 2677 1720 plurimis
2705 1640 2846 1699 locis

551 1740 836 1799 laudandi
902 1741 1187 1799 scientiae
1250 1741 1436 1799 studii
1506 1746 1782 1800 naturam
1847 1762 1992 1819 prae
2057 1764 2118 1801 se
2188 1743 2328 1812 fert,
2403 1763 2454 1801 c.
2520 1747 2547 1799 1
2570 1745 2628 1812 1,
2660 1740 2841 1798 1-—7

550 1845 753 1899 autem
804 1837 1239 1918 vituperandae
1288 1844 1658 1900 curiositatis
1712 1842 2017 1901 cuiusdam
2091 1845 2286 1921 specie
2353 1828 2694 1902 induitur.²
2751 1871 2845 1881 —-

552 1939 702 2000 Cum
752 1941 1029 2000 doctrina
1094 1944 1326 2001 animae
1388 1944 1922 2020 praeexsistentiae
1987 1946 2198 2003 intime
2275 1943 2601 2002 cohaerent
2675 1961 2844 2020 prae·

550 2047 727 2119 cepta
774 2037 1270 2119 μετεμᾳηχώσεως
1309 2050 1371 2103 et
1416 2038 1802 2123 ἀναμνήσεως,
1864 2050 1936 2102 ut
1986 2045 2258 2103 Platonis
2325 2044 2635 2103 vocabulis
2691 2048 2846 2108 utar,

552 2163 705 2220 quae
755 2148 956 2201 tamen
1008 2145 1071 2201 in
1125 2149 1337 2203 nostro
1388 2144 1545 2203 libro
1599 2151 1758 2204 tecte
1808 2147 2148 2205 indicantur
2191 2147 2382 2221 magis
2426 2164 2604 2223 quam
2637 2146 2848 2222 aperte

552 2242 951 2321 explicantur.

750 2341 803 2419 ξ.
866 2346 927 2403 7.
1035 2343 1345 2403 simillime
1414 2348 1477 2402 in
1549 2346 1883 2423 appendice
1931 2347 2214 2405 Fratrum
2262 2346 2639 2405 Sincerorum
2694 2333 2848 2402 cotn-

551 2447 939 2503 mentationis
974 2447 1084 2503 21.
1140 2448 1235 2506 ein
1292 2446 1515 2507 Weiser
1559 2467 1671 2507 von
1713 2452 1827 2508 den
1871 2450 2263 2523 Philosophen
2305 2449 2413 2506 der
2452 2446 2678 2505 Genien
2718 2444 2848 2519 regi

552 2549 733 2621 wisse,
796 2548 1006 2631 inquit,
1068 2565 1101 2606 ο
1144 2550 1348 2608 weiser
1391 2550 1608 2625 Koniq,
1672 2552 1812 2610 dass
1863 2550 2018 2609 disse
2060 2550 2320 2609 Formen
2361 2550 2485 2608 und
2527 2547 2846 2614 Gestalten,

550 2648 675 2705 und
717 2649 874 2707 diese
916 2646 1195 2707 Geba'ude
1236 2651 1361 2708 und
1404 2651 1877 2724 Eiyenschaflen,
1941 2652 2036 2708 die
2091 2651 2173 2709 du
2211 2652 2276 2708 in
2322 2650 2430 2708 der
2475 2646 2852 2724 Korperwelt

552 2747 677 2804 und
716 2766 797 2806 an
839 2749 953 2807 den
992 2751 1325 2810 sichtbaren
1365 2750 1812 2826 Geqenstdnden
1868 2753 2283 2822 wahrnimmst,
2349 2750 2652 2817 Abbizder,
2717 2748 2850 2808 Um-

560 2848 709 2906 risse
771 2850 896 2906 und
937 2850 1254 2910 Abdrilcke
1320 2851 1621 2911 derselbcn
1673 2853 1932 2911 Formcn
1985 2855 2050 2911 in
2115 2853 2223 2910 der
2285 2851 2645 2910 Geisterwelt
2711 2846 2850 2908 sind

554 2991 821 3008 .....
900 2951 1056 3010 die-se
1112 2982 1187 2991 -—
1236 2953 1365 3011 hier
1420 2983 1483 2991 -
1552 2955 1690 3012 sind
1743 2953 1994 3012 sinulich
2043 2953 2504 3019 wahrnehmbar‚
2567 2953 2708 3024 jenc
2768 2975 2848 2986 --

549 3049 613 3104 in
655 3047 762 3108 der
803 3049 1163 3112 (r'cisterwclt
1214 3084 1281 3092 --
1333 3055 1476 3112 aber
1516 3073 1635 3112 nur
1669 3055 1880 3128 yeistiy
1938 3051 2294 3128 bcsqreifbar,
2351 3052 2511 3125 ewiq,
2567 3047 2851 3108 wahrend

560 3147 717 3206 dicse
771 3153 1145 3227 vcryc'mylich
1192 3154 1317 3212 ‘cond
1364 3155 1704 3214 zerstcfrbar
1742 3155 1899 3225 sind,
1953 3154 2284 3214 schwinden
2339 3154 2462 3211 und
2511 3151 2847 3211 verder-ben.

752 3401 769 3432 ¹
807 3401 887 3456 De
915 3405 1167 3472 partibus
1205 3424 1341 3475 quas
1378 3406 1644 3476 placitum
1671 3407 1884 3461 animae
1911 3406 2398 3475 praeexsistentiae
2423 3407 2482 3460 in
2501 3405 2841 3460 Judaeorum

549 3488 901 3558 philosophia
943 3495 1113 3561 gessit
1160 3513 1209 3549 v.
1249 3493 1323 3548 Cl.
1359 3493 1753 3550 Schmiedlium
1795 3494 2029 3550 Studien
2075 3495 2207 3548 iiber
2245 3494 2518 3561 jadische,
2558 3494 2844 3548 iason-ders

541 3576 975 3660 j‘ilcl.-arabischc
1014 3580 1666 3650 Reliyionsphilosophie‘.
1716 3581 1878 3636 W'ien
1913 3587 2070 3636 1869.
2109 3601 2162 3652 p.
2208 3583 2305 3636 131
2347 3601 2463 3652 sqq.

754 3669 775 3698 2
810 3667 937 3720 Jam
990 3668 1147 3722 Philo
1200 3671 1278 3722 De
1330 3669 1472 3724 conf.
1520 3671 1694 3740 lingu.
1754 3671 1891 3724 Phil.
1947 3689 2073 3739 opp.
2113 3671 2197 3726 ed.
2240 3670 2460 3724 Pseiffer
2513 3670 2604 3724 111.
2647 3688 2699 3738 p.
2740 3660 2868 3723 348'

548 3750 671 3812 τοὺς
716 3751 852 3809 κατὰ
894 3747 1150 3823 Μώϋσῆν
1197 3755 1408 3828 σοφοὺς
1456 3757 1618 3812 ἕνεκα
1663 3761 1755 3811 τοῦ
1793 3753 2206 3830 φιλοθεάμονος
2257 3763 2348 3811 καὶ
2386 3760 2736 3830 φιλομαθοῦς
2771 3761 2842 3814 εἰς

549 3838 646 3908 τὴν
695 3849 972 3914 πἐρίγεϊον
1011 3839 1183 3916 φύσιν
1235 3842 1551 3917 ἀποδημεῖν
1609 3849 1783 3902 solere
1837 3851 2044 3901 narrat.
2098 3877 2165 3890 --
2226 3846 2476 3900 Plotinus
2535 3844 2596 3899 τὸ
2646 3847 2843 3912 πτῶμα

549 3932 640 3997 τῆς
678 3935 857 4002 ψυχῆς
910 3951 975 3987 ex
1023 3935 1291 3989 instinctu
1340 3935 1581 4004 quodam
1629 3925 1862 3989 naturae
1906 3937 2122 3988 animae
2167 3936 2334 3989 insito
2389 3936 2624 4004 repetit:
2678 3952 2728 3989 v.
2767 3931 2840 3986 Gl.

548 4020 825 4076 Zellerum
884 4023 994 4076 Die
1042 4023 1399 4093 Philosophia
1452 4023 1547 4077 der
1593 4022 1880 4078 Griechen.
1953 4029 2008 4077 2.
2045 4023 2192 4090 Autl.
2250 4021 2348 4090 ΙΙΙ,
2404 4025 2452 4076 2.
2487 4042 2542 4092 p.
2580 4025 2679 4076 491
2728 4039 2840 4090 sqq.

550 4138 617 4148 —
656 4109 950 4164 Fratribus
986 4109 1223 4164 Sinceris
1277 4111 1493 4165 animae
1542 4111 1600 4164 in
1652 4129 1738 4165 res
1786 4112 2054 4164 humanas
2090 4111 2376 4165 descensus
2414 4129 2591 4180 poena
2631 4109 2839 4179 pcccati

550 4197 835 4252 cuiusdam
871 4217 985 4253 esse
1022 4199 1268 4254 videtur:
1306 4200 1572 4254 Dieterici
1606 4199 1708 4253 Die
1750 4199 2196 4269 Anthropologie
2233 4217 2286 4267 p.
2312 4199 2430 4252 142.
2465 4200 2604 4266 160„
2621 4197 2846 4267 perinde

550 4290 715 4356 atque
767 4288 826 4341 in
880 4287 1025 4341 libro
1062 4287 1377 4343 Hermetico
1432 4289 1523 4342 cui
1585 4289 1910 4342 inscribitur
1960 4281 2094 4356 κόρη
2131 4283 2346 4356 κόσμου
2399 4288 2506 4356 (ap.
2546 4287 2840 4340 Patritium

546 4374 665 4430 loco
704 4394 871 4446 supra
906 4395 957 4446 Ρ.
992 4377 1041 4430 X
1070 4396 1123 4431 n.
1158 4377 1191 4430 2
1228 4383 1656 4432 commemorato
1695 4377 1788 4430 fol.
1828 4377 1944 4440 351.)
1986 4375 2100 4442 Isis,
2123 4375 2314 4429 Horon
2347 4375 2521 4430 filium
2543 4373 2838 4446 alloquenti,

549 4458 770 4524 κόλασις
804 4466 991 4539 inquit
1028 4461 1213 4527 αὐταῖς
1248 4464 1343 4535 (sc.
1382 4472 1497 4528 ταῖς
1536 4471 1763 4538 ψυχαῖς)
1801 4463 1833 4534 ἡ
1873 4459 2276 4536 ἐνσωμάτωσις.
