3099 5147
1578 448 1712 506 132

498 650 655 709 doxo
721 669 853 709 cum
906 647 1137 737 Sabaeo
1197 650 1535 729 disputanti
1601 650 1824 709 tribuit
1889 670 1996 709 nec
2059 669 2179 708 non
2233 649 2370 709 Aba
2425 648 2802 709 Sulaimanio

497 772 696 811 vocem
749 749 995 811 Plotino
1048 752 1343 811 tributam
1396 752 1827 830 interpretanti
1874 773 1934 829 p.
1990 751 2150 821 335,
2206 754 2237 809 1
2273 770 2405 829 sqq.

695 848 749 927 ξ.
794 854 1101 911 10-14.
1170 852 1329 911 Mira
1382 853 1674 929 quaedam
1725 852 2074 923 similitudo,
2131 870 2283 928 quae
2337 857 2537 909 tamen
2589 851 2804 929 aliquo

500 958 678 1030 pacto
730 953 963 1012 accedit
1017 953 1093 1012 ad
1146 953 1394 1012 Fratres
1448 952 1720 1014 Sinceros
1773 954 1877 1030 qui
1927 955 2186 1012 animam
2237 954 2301 1010 in
2352 952 2534 1010 rebus
2585 952 2802 1010 huma-

495 1054 586 1111 nis
640 1059 974 1114 versantem
1028 1059 1091 1114 et
1133 1074 1384 1133 corpore
1430 1054 1718 1112 inclusam
1770 1054 2092 1113 conferunt
2144 1058 2327 1115 einem
2370 1057 2580 1115 weisen
2617 1061 2806 1131 quien

488 1156 685 1217 Manu
735 1158 800 1214 in
853 1159 1013 1217 einer
1066 1157 1337 1230 fremden
1387 1156 1579 1231 sinat,
1643 1158 1750 1217 der
1805 1158 1947 1217 aber
2005 1156 2192 1217 durch
2245 1158 2341 1217 die
2403 1158 2585 1217 Liebe
2639 1160 2805 1217 eines

490 1256 812 1315 therichten
864 1256 1269 1332 schlilpfriyen
1328 1255 1555 1317 Weibes
1599 1274 1712 1315 von
1768 1257 2107 1317 schlechtem
2151 1256 2478 1317 Charakter
2527 1259 2807 1320 versueht

488 1356 658 1414 wird.
722 1356 903 1425 Diese
938 1358 1103 1416 sucht
1140 1360 1244 1416 ilm
1284 1356 1691 1429 fortwdhrend
1733 1359 1838 1416 mit
1880 1357 2186 1418 lieblichen
2229 1358 2474 1431 Speisen
2515 1358 2641 1417 und
2683 1358 2802 1417 Ge-

494 1456 757 1530 ἰνᾶνιῙσεη,
819 1460 921 1516 mit
978 1458 1326 1533 praehtiqen
1386 1458 1677 1517 Kleidern
1727 1458 1854 1515 und
1907 1458 2214 1533 niedriqen
2269 1458 2605 1533 Beqierden
2667 1458 2802 1516 und

496 1556 911 1631 aufyeputzten
981 1558 1383 1617 Wohnstciiten
1446 1576 1524 1617 zu
1585 1558 1801 1617 locken.
1901 1558 2035 1617 Der
2104 1558 2315 1629 fn‘lher
2373 1560 2542 1617 weise
2600 1558 2802 1615 Manu

492 1659 717 1718 wendet
766 1660 929 1719 darm
980 1660 1171 1719 durch
1225 1660 1321 1719 die
1375 1676 1578 1734 yrosse
1619 1659 1757 1718 List
1797 1660 1962 1718 ihrer
2003 1660 2188 1719 Liebe
2229 1660 2354 1717 und
2393 1676 2595 1735 qrosse
2651 1658 2796 1718 Ver-

490 1760 752 1833 suehunq
805 1759 1073 1830 verfuhrt
1129 1760 1247 1819 alle
1297 1761 1457 1819 aeine
1498 1758 1682 1833 Sorye
1739 1758 1975 1833 ἄανααίζ
2037 1760 2166 1819 ihre
2207 1759 2662 1835 Anyeleyenheit
2721 1777 2802 1819 zu

491 1860 733 1931 ordnen,
773 1877 839 1919 so
881 1862 1021 1921 dass
1043 1851 1125 1919 'er
1162 1862 1339 1921 selbst
1380 1862 1574 1921 sei-ner
1615 1860 1970 1930 Vaterstadt,
2015 1863 2207 1919 se‘c'ner
2249 1859 2634 1919 Verwandten
2667 1860 2800 1941 und

484 1960 647 2017 ihrer
669 1958 822 2017 Gella
848 1960 1111 2034 verqisst.
1166 1980 1263 2037 ap.
1296 1958 1686 2018 Dieterioium
1724 1959 1834 2018 Die
1875 1958 2342 2036 Anthropologie
2377 1953 2448 2036 p.'
2478 1964 2507 2017 1
2527 1949 2794 2017 32¹.—-

490 2057 578 2115 De
630 2061 827 2117 anima
891 2060 1067 2119 modo
1119 2060 1195 2119 ad
1248 2061 1548 2119 rationem
1619 2059 1794 2118 modo
1859 2059 1937 2117 ad
2002 2066 2280 2118 naturam
2343 2080 2404 2117 se
2457 2060 2792 2118 inclinante

492 2154 574 2235 (ἓ.
616 2156 733 2233 10)
779 2160 857 2218 cf.
899 2158 1146 2218 Fratres
1200 2159 1473 2219 Sinceros
1524 2180 1624 2237 ap.
1660 2159 2048 2219 Dietericium
2101 2158 2212 2217 Die
2266 2160 2462 2218 Lehre
2515 2180 2632 2219 von
2684 2160 2798 2222 der

489 2259 815 2318 Weltseele
857 2281 917 2337 p.
959 2264 1069 2318 14.

1447 2611 1541 2671 Ad
1594 2631 1724 2690 cap.
1774 2615 1834 2671 7.

688 2807 744 2884 ἓ.
804 2813 865 2872 2.
938 2810 1049 2882 Qui
1104 2817 1259 2869 esset
1310 2815 1543 2871 animae
1596 2819 1789 2890 pater,
1862 2835 2015 2891 quae
2065 2836 2236 2886 uxor,
2301 2818 2562 2892 scriptor
2611 2817 2796 2875 modo

488 2930 537 2968 c.
599 2911 659 2980 6,
723 2913 1005 2968 10—-14
1062 2913 1359 2988 exposuit.

488 3183 668 3238 locum
706 3200 831 3238 cum
868 3182 1391 3250 Neoplatonicorum
1430 3183 1649 3252 placitis
1686 3200 1786 3237 nee
1823 3185 2010 3252 potius
2047 3200 2172 3237 cum
2211 3184 2522 3252 praeceptis
2557 3187 2794 3238 sectato-

486 3289 612 3324 rum
646 3271 955 3324 Zoroastris
1006 3272 1321 3338 contulerit,
1372 3272 1467 3340 qui
1518 3271 1578 3324 in
1629 3271 1910 3324 denselben
1945 3271 2308 3325 Auscii-[lekeis
2360 3301 2422 3310 —
2475 3271 2658 3324 v'ndem
2708 3272 2795 3325 sie

487 3361 606 3414 sich
630 3361 870 3414 niimlieh
908 3360 1179 3415 desselben
1205 3360 1401 3414 Bildes
1438 3360 1721 3414 bedienten
1758 3389 1823 3400 -
1862 3361 1965 3414 das
1989 3360 2414 3430 Grundprineae'p
2449 3360 2593 3414 {lires
2619 3359 2792 3414 Glau-

488 3448 614 3502 bens
667 3447 981 3502 dai-stellten
1033 3453 1173 3502 teste
1210 3447 1311 3502 Th.
1351 3448 1533 3518 Hydio
1573 3448 1820 3503 Historia
1870 3449 2156 3518 religionis
2193 3453 2441 3502 veterum
2478 3447 2790 3501 Persarum.

490 3534 663 3588 Oxou.
711 3537 863 3588 1700.
912 3554 964 3604 p.
992 3536 1097 3588 299
1147 3535 1257 3604 (ap.
1309 3553 1473 3605 quem
1522 3544 1578 3604 p.
1604 3536 1892 3590 298—300
1943 3554 2102 3591 versa
2157 3539 2370 3590 invenis
2423 3553 2560 3606 quae
2613 3535 2790 3588 refert

488 3622 944 3678 Al-Shahrastani
981 3623 1016 3676 l.
1053 3623 1088 3677 l.
1124 3641 1179 3692 p.
1210 3623 1327 3691 185,
1374 3613 1601 3690 8-188‚
1644 3624 1712 3692 1).
1789 3624 2013 3677 Etenim
2050 3625 2360 3678 Zoroastris
2411 3625 2644 3678 asseclae
2681 3626 2792 3676 ista

488 3711 852 3764 similitudine
886 3728 1111 3780 prorsus
1146 3711 1299 3764 aliud
1337 3711 1473 3780 quid
1510 3711 1707 3765 volunt
1745 3730 1910 3780 quam
1947 3713 2302 3767 Al-Ghazzali
2341 3742 2404 3753 --
2448 3729 2549 3768 zur
2575 3713 2788 3766 Natur-

486 3798 943 3868 nothwe‘ndiqkeit
990 3799 1088 3852 der
1134 3799 1402 3854 lca-istem
1444 3800 1535 3868 (se.
1579 3799 1741 3869 lueis)
1785 3800 1978 3869 ριὴόνε
2027 3800 2126 3855 ἄεν
2161 3800 2466 3870 Geyensatz
2503 3799 2598 3869 (sc.
2637 3804 2788 3853 tene·

486 3887 760 3952 brarum):
801 3887 1187 3942 Haarbriicker
1231 3887 1269 3942 l.
1305 3887 1341 3942 l.
1378 3888 1421 3942 I.
1458 3905 1513 3956 p.
1551 3888 1654 3940 282
1692 3917 1778 3955 —-‚
1832 3887 1978 3942 idem
2015 3892 2198 3942 autem
2237 3887 2386 3958 quod
2432 3885 2786 3941 Al-Ghazzali

488 3974 761 4028 Platonici
796 3976 981 4044 graeci
1019 3976 1223 4029 iterum
1260 3979 1425 4044 atque
1462 3976 1665 4029 iterum
1711 3974 1902 4028 eadem
1941 3977 2180 4044 imagine
2219 3977 2566 4044 exprimunt:
2607 3991 2786 4027 exem-

487 4063 580 4132 pla
616 4062 839 4132 collegit
876 4063 1110 4116 Creuzer
1144 4063 1241 4117 1.1.
1268 4082 1323 4133 p.
1350 4066 1454 4117 203
1478 4082 1596 4134 sqq.
1635 4093 1698 4102 —
1739 4061 1873 4117 Cum
1912 4064 2228 4118 Zoroastris
2260 4063 2623 4117 sectatoribus
2660 4079 2787 4115 ean-

488 4152 612 4205 dem
650 4169 777 4206 rem·
807 4153 996 4206 eodem
1035 4153 1202 4207 simili
1240 4153 1480 4222 explicat
1515 4153 1669 4206 Mani
1707 4153 1853 4222 apud
1879 4151 2431 4206 Al-Shahrastanium
2466 4171 2521 4222 p.
2555 4153 2654 4204 188
2682 4169 2721 4204 s,
2745 4149 2784 4202 f.

691 4293 707 4325 ¹
747 4291 1049 4346 Proverbia
1103 4310 1243 4362 quae
1294 4300 1422 4349 sunt
1484 4309 1639 4372 ivd)
1699 4257 1861 4374 ,Gn
1925 4294 2068 4343 oute
2135 4287 2269 4380 {⁰5⁴3
2336 4285 2518 4357 NS&
2589 4276 2784 4357 '⁸330‘ss

491 4375 679 4480 jin&
732 4396 871 4446 aar.
905 4396 1013 4465 (ap.
1039 4396 1403 4466 Freytagium
1433 4397 1772 4467 1.1.111,1.p.
1799 4399 1898 4451 159
1923 4417 1978 4452 n.
2001 4397 2130 4466 965)
2157 4403 2213 4451 et
2257 4379 2436 4450 :wi-w
2483 4400 2614 4450 :mv
2658 4385 2782 4450 ban

484 4492 593 4557 (ap.
630 4485 931 4539 Dukesium
968 4485 1003 4538 l.
1042 4484 1075 4538 l.
1115 4503 1169 4554 p.
1198 4484 1230 4537 3
1269 4503 1321 4539 n.
1346 4485 1403 4554 4)
1439 4484 1592 4541 illam
1631 4483 2052 4539 similitudinem
2088 4503 2200 4537 non
2237 4485 2540 4553 attingunt.
