3099 5147
1501 443 1650 504 XVI

379 647 729 724 scriptorem
796 647 1078 704 notitiam
1130 645 1412 704 habuisse
1462 646 1559 704 vel
1610 646 1881 724 proxime
1950 644 2029 703 ab
2082 644 2399 722 explorato
2446 645 2621 705 abest
2638 647 2677 704 ¹.

377 745 647 823 Namque
697 746 861 804 illius
913 748 1445 805 commentationes
1495 748 1659 805 inter
1710 751 1778 804 et
1826 751 2099 804 nostrum
2147 743 2371 804 librum
2422 749 2679 806 maxima

379 847 702 906 intercedit
726 847 1058 906 similitudo
1092 853 1156 905 et
1179 847 1574 907 necessitudo·
1629 844 1813 906 Aliud
1838 846 2078 926 quidem
2104 849 2408 925 utrimque
2434 849 2676 925 agitu13

381 953 451 1006 at
471 947 678 1006 eadem
704 967 954 1025 prorsus
981 953 1074 1007 est
1095 948 1584 1027 philosophandi,
1641 952 1713 1006 ut
1740 949 1829 1006 ita
1860 947 2071 1020 dicam,
2096 938 2285 1008 'ratio
2307 948 2386 1007 ab
2408 951 2493 1007 eis
2523 969 2677 1028 quae

385 1050 447 1106 in
515 1051 864 1126 cognitione
935 1054 1254 1108 versantur
1309 1049 1621 1108 exordium
1672 1050 1913 1127 capiens
1988 1052 2173 1126 atque
2250 1052 2333 1108 eis
2410 1069 2563 1127 quae
2614 1051 2677 1108 in

289 1181 296 1184 ·
385 1151 544 1207 vitae
607 1170 778 1206 usum
845 1149 1068 1208 cadunt
1133 1149 1310 1208 finem
1384 1151 1609 1208 faciens
1622 1155 1667 1206 2.
1774 1148 1966 1207 Porro
2006 1169 2199 1227 paene
2276 1152 2472 1208 omnia
2525 1149 2678 1228 quae

378 1251 440 1306 in
494 1256 704 1307 nostro
757 1250 915 1308 libro
984 1252 1048 1307 in
1099 1250 1358 1308 medium
1414 1251 1810 1328 proferuntur
1862 1249 2089 1327 placita
2151 1251 2215 1308 in
2265 1247 2389 1308 illis
2442 1271 2678 1330 quoque

379 1351 988 1426 commentationibus
1039 1353 1470 1423 inveniuntur3
1524 1353 1702 1409 immo
1759 1349 2063 1414 nonnullis
2117 1350 2262 1409 locis
2313 1371 2431 1409 non
2486 1352 2676 1410 solum
2782 1412 2789 1418 ,

377 1453 715 1509 sententiae
745 1451 847 1510 sed
878 1453 1060 1510 etiam
1101 1451 1286 1510 verba
1329 1453 1491 1510 inter
1552 1472 1615 1510 se
1644 1452 2008 1511 conveniunt
2024 1441 2067 1508 ³.
2097 1482 2198 1491 —
2231 1449 2320 1510 De
2355 1452 2677 1511 intervallo

375 1557 578 1610 autem
628 1554 790 1610 inter
861 1554 1009 1610 istos
1084 1554 1257 1629 quasi
1323 1555 1613 1610 terminos
1681 1551 1968 1629 quosdam
2044 1553 2403 1630 interposito
2461 1573 2678 1631 anceps

378 1651 604 1710 fluctuo
657 1673 850 1730 neque
902 1652 1232 1730 quidquam
1286 1652 1480 1712 habeo
1539 1674 1657 1731 quo
1687 1653 2022 1710 accuratius
2051 1654 2363 1730 scriptoris
2415 1658 2677 1712 aetatem

374 1753 574 1810 finiam
635 1755 748 1810 nisi
799 1753 1202 1812 coniecturam
1254 1773 1437 1831 supra
1489 1754 1563 1812 de
1614 1753 1943 1832 exemplari
2012 1750 2232 1812 codicis
2282 1753 2355 1811 R.
2410 1755 2676 1825 allatam,

376 1873 528 1930 quae
590 1854 641 1910 si
705 1873 912 1912 verum
964 1858 1153 1923 tenet,
1205 1854 1448 1913 libellus
1500 1855 1713 1931 utique
1776 1853 1969 1912 multo
2041 1860 2185 1912 ante
2239 1859 2514 1932 tempora
2564 1854 2680 1913 Ibn

374 1953 495 2012 Abi
531 1943 796 2050 Useibi‘a
843 1957 1208 2039 compositus
1255 1961 1366 2013 est.

522 2155 530 2163 .
573 2078 886 2139 Postremo
952 2081 1266 2157 quaeritur
1315 2082 1411 2138 cui
1462 2081 1543 2138 sit
1596 2079 1751 2150 liber
1826 2080 1980 2136 usui.
2083 2078 2267 2157 Apud
2322 2080 2573 2151 Arabes,
2627 2083 2679 2139 si

377 2179 618 2256 quidem
671 2201 741 2238 ex
795 2181 1205 2258 exemplorum
1257 2200 1410 2258 quae
1460 2183 1525 2238 in
1576 2179 1963 2238 bibliothecis
2013 2182 2236 2238 nostris
2288 2181 2680 2240 inveniuntur

375 2279 720 2355 frequentia
793 2286 857 2338 et
908 2301 979 2339 ex
1033 2281 1235 2359 ampla
1287 2283 1478 2340 omnis
1529 2281 1769 2356 generis
1818 2279 2143 2338 lectionum
2190 2281 2487 2340 varietate
2538 2301 2677 2341 con-

377 2381 662 2438 iecturari
691 2381 852 2450 licet,
907 2382 1174 2440 studiose
1199 2383 1511 2440 lectitatus
1565 2387 1627 2438 et
1652 2401 1943 2458 perquam
1992 2379 2162 2438 utilis
2196 2381 2445 2440 habitus
2492 2381 2677 2441 fuisse

375 2480 632 2540 videtur.
738 2480 932 2540 Hodie
999 2502 1139 2540 sane
1210 2482 1377 2540 aliud
1444 2480 1757 2539 ferendum
1832 2485 1927 2555 est
1996 2481 2296 2540 iudicium.
2398 2481 2484 2540 At
2536 2504 2677 2542 vero

373 2587 444 2639 ut
497 2582 965 2660 unumquodque
1017 2585 1405 2660 antiquitatis
1479 2583 1903 2641 documentum
1969 2582 2379 2659 qualecunque
2445 2589 2555 2655 est,
2625 2587 2677 2642 si

376 2684 768 2740 historiarum
819 2686 1224 2760 cognitionem
1293 2689 1545 2761 spectas,
1613 2682 1874 2760 aliquem
1926 2682 2181 2760 praebet
2244 2683 2531 2755 fructum,
2585 2687 2675 2743 ita

373 2789 580 2841 noster
631 2783 873 2841 libellus
924 2786 1134 2854 initiis,
1187 2790 1258 2843 ut
1309 2784 1567 2852 videtur,
1622 2782 1893 2842 Arabum
1936 2783 2359 2862 philosophiae
2410 2784 2675 2863 aliquam

373 2884 564 2941 lucem
631 2883 812 2942 affert
869 2886 1280 2963 imprimisque
1332 2884 1770 2943 Platonismum
1836 2884 1998 2960 apud
2050 2884 2281 2943 Arabes
2336 2888 2675 2945 accuratius

370 2986 682 3059 cognitum
731 2990 795 3043 et
846 2985 1028 3045 latius
1055 2985 1336 3045 diffusum
1387 2985 1572 3043 fuisse
1613 2984 1881 3043 ostendit
1932 3005 2111 3062 quam
2148 2986 2331 3063 vulgo
2383 2986 2678 3046 arbitrari

371 3085 587 3143 solent.
669 3088 689 3109 “

370 3238 737 3293 transtulerat
793 3241 852 3292 in
890 3238 1103 3293 Ztsc-hr.
1145 3240 1197 3293 d.
1253 3240 1330 3294 D.
1379 3240 1462 3293 M.
1509 3238 1577 3293 G.
1631 3238 1749 3292 XV.
1788 3257 1841 3308 p.
1886 3240 1991 3293 586
2037 3256 2153 3307 sqq.
2196 3266 2279 3293 ·-—.
2318 3239 2489 3295 Doleo
2526 3241 2676 3310 quod

371 3332 668 3381 comment.
689 3328 921 3394 41-51,
957 3345 1100 3396 quae
1134 3345 1238 3396 pro
1273 3332 1606 3396 argumento
1642 3327 1793 3395 quod
1816 3325 2043 3379 exhibet
2063 3326 2329 3381 Dieterici
2366 3329 2486 3383 Der
2504 3328 2675 3384 Streit

379 3415 646 3469 zwischen
682 3414 912 3469 Men-sch
947 3416 1064 3469 und
1102 3414 1281 3471 Thiar.
1319 3434 1372 3485 p.
1396 3418 1501 3471 233
1539 3433 1655 3485 sqq.
1690 3416 1993 3468 maximum
2018 3414 2461 3484 suppeditassent
2498 3434 2673 3483 usum,

372 3503 658 3557 consulere
694 3519 806 3556 non
843 3504 1138 3571 potuerim.
2324 3544 2333 3551 .

593 3594 607 3623 ¹
645 3590 757 3660 Ipsi
799 3590 1032 3643 Fratum
1083 3591 1435 3644 Sincerorum
1475 3591 1726 3645 societati
1780 3608 1907 3643 eum
1960 3588 2243 3643 addictum
2298 3588 2467 3642 fuisse
2503 3589 2670 3643 variis

370 3697 434 3733 ex
472 3679 726 3739 causis,a
762 3679 881 3732 veri
915 3678 1282 3733 similitudine
1324 3680 1564 3733 alienum
1610 3683 1707 3732 est.

578 3770 600 3801 2
633 3768 704 3823 cf.
747 3767 1102 3822 Diei-‚ericium
1142 3766 1262 3821 Der
1296 3766 1466 3821 Streit
1501 3784 1599 3821 κω.
1640 3766 1722 3820 Μ.
1766 3783 1821 3821 u.
1862 3766 1959 3820 Th.
1999 3783 2058 3834 p.
2095 3766 2217 3817 238.

577 3858 598 3889 ³
633 3856 790 3910 lnfra
824 3857 883 3910 in
915 3856 1344 3909 annotatonibus
1377 3872 1571 3909 eorum
1600 3852 1755 3925 quae
1775 3854 1895 3908 dixi
1920 3857 2247 3923 argumenta
2280 3851 2578 3907 exhibeb0.
