3099 5147
1485 453 1548 512 ΙΙ

368 678 489 715 non
533 662 677 736 peto
733 677 910 733 quam
961 664 1033 716 ut
1079 660 1182 734 qui
1234 658 1297 716 id
1342 656 1503 735 quod
1570 658 1727 714 tanti
1782 658 1896 714 viri
1970 656 2331 715 inchoarunt
2384 656 2667 734 perficere

369 764 618 816 conatus
669 760 779 814 sim
832 777 952 815 non
1002 778 1250 837 prorsus
1303 757 1587 834 indignus
1640 776 1767 814 esse
1820 757 2043 814 videar.

565 857 922 936 Priusquam
1008 859 1232 918 librum
1283 861 1479 936 ipsum
1551 857 1892 933 aggredior,
1968 857 2041 915 de
2114 857 2415 916 codicibus
2489 877 2668 915 manu

367 959 607 1036 scriptis
660 960 877 1035 quibus
928 965 1199 1018 servatus
1252 965 1346 1017 est
1395 977 1587 1036 pauca
1638 958 2080 1035 praemittenda
2129 962 2288 1015 sunt.

566 1057 866 1118 Exordiar
917 1079 954 1116 a
1003 1060 1236 1118 duobus
1287 1059 1410 1117 illis
1449 1059 1751 1117 codicibus
1803 1059 1979 1117 modo
2006 1061 2125 1115 iam
2160 1059 2665 1115 commemoratis:

369 1158 637 1217 Romano
692 1165 756 1218 et
807 1159 1127 1236 Lipsiensi.
1232 1158 1493 1231 Quorum
1562 1159 1666 1217 ille
1744 1179 1779 1216 a
1849 1158 2100 1218 librario
2153 1160 2446 1235 originem
2493 1157 2669 1216 duxit

371 1260 476 1335 qui
527 1261 592 1316 in
645 1261 972 1338 exemplari
1030 1260 1424 1318 describendo
1477 1279 1674 1318 acrem
1748 1259 1987 1336 quidem
2053 1262 2257 1336 posuit
2328 1277 2547 1328 curam,
2602 1262 2670 1315 at

368 1364 622 1438 propter
671 1361 1050 1419 inscientiam
1100 1362 1267 1419 varia
1318 1362 1614 1419 commisit
1668 1360 1902 1420 menda.
2010 1359 2119 1418 His
2170 1365 2372 1418 autem
2420 1357 2667 1429 mendis,

371 1462 420 1518 si
471 1463 806 1520 accuratius
857 1461 1332 1540 perpenduntur,
1385 1461 1787 1520 demonstrari
1857 1460 2097 1520 videtur
2161 1458 2467 1536 exemplar
2518 1457 2671 1516 illud

368 1560 566 1620 cuficis
595 1567 908 1620 exaratum
930 1562 1116 1620 fuisse
1147 1561 1338 1620 literis
1361 1552 1397 1632 ¹,
1453 1581 1702 1638 eamque
1755 1561 1833 1618 ob
1860 1581 1987 1618 rem
2023 1563 2085 1617 in
2129 1561 2669 1620 vetustissimorum

367 1662 637 1720 codicum
690 1681 1004 1720 numerum
1029 1661 1414 1720 referendum
1465 1681 1612 1720 esse.
1718 1661 1786 1718 In
1840 1661 2035 1720 altera
2062 1665 2239 1738 parte
2272 1662 2488 1738 capitis
2514 1663 2671 1718 sexti

372 1759 457 1838 (ξ.
492 1758 564 1836 8)
634 1768 776 1841 post
829 1763 1183 1822 vocabulum
1260 1762 1421 1840 quod
1473 1767 1569 1820 est
1644 1753 1955 1853 cabaa-2153,
2027 1761 2105 1819 ab
2176 1763 2263 1822 eis
2314 1763 2419 1839 qui
2461 1765 2667 1822 ,totum

368 1914 589 1972 librum
640 1914 952 1971 continent
977 1913 1278 1971 codicibus
1303 1912 1605 1981 recedens,
1651 1911 1839 1970 codex
1865 1914 2066 1989 pergit
2096 1881 2371 1998 ι55515ιᾶἰό
2389 1958 2403 1985 ,
2456 1911 2674 1971 exinde

371 2033 513 2073 vero
585 2034 656 2072 ex
721 2013 984 2090 abrupto
1060 2013 1284 2072 desinit
1348 2014 1438 2071 ita
1488 2018 1561 2071 ut
1612 2013 1904 2088 quaedam
1979 2013 2352 2071 intercidisse
2403 2013 2673 2090 pateat².
2776 2003 2785 2012 ⁸

571 2112 773 2172 Codex
824 2113 1154 2191 Lipsiensis
1206 2113 1284 2171 ab
1336 2115 1683 2199 antiquario
1750 2113 2059 2190 profectus
2126 2119 2219 2171 est
2270 2116 2373 2190 qui
2426 2120 2490 2172 et
2543 2114 2672 2190 ipse

371 2219 432 2273 in
486 2214 758 2291 exemplo
793 2213 1156 2273 conficiendo
1187 2233 1466 2290 magnam
1517 2213 1801 2272 adhibuit
1833 2213 2230 2291 diligentiam,
2284 2215 2499 2272 minori
2528 2235 2669 2272 usus

370 2321 464 2374 est
530 2316 773 2392 linguae
839 2314 1116 2373 arabicae
1185 2316 1453 2373 scientia.
1560 2313 1732 2372 Hunc
1803 2334 2041 2391 quoque
2104 2315 2365 2373 codicem
2436 2319 2671 2392 partem

371 2415 788 2474 tantummodo
853 2416 996 2474 libri
1062 2415 1352 2492 praebere
1424 2414 1600 2472 modo
1667 2417 1784 2472 iam
1829 2414 1987 2486 dixi;
2060 2415 2265 2474 eodem
2332 2417 2488 2473 enim
2540 2434 2671 2472 cum

370 2517 498 2576 cod.
531 2515 800 2575 Romano
853 2516 983 2575 loco
1010 2535 1045 2575 a
1075 2517 1292 2575 ceteris
1327 2514 1615 2593 exemplis
1662 2513 1951 2585 deflectit,
2011 2515 2222 2572 exinde
2254 2535 2394 2575 vero
2446 2517 2669 2573 iustum

372 2619 547 2675 finem
600 2618 756 2702 libro
798 2619 1056 2695 imponit
1082 2618 1183 2694 qui
1237 2618 1300 2674 in
1352 2618 1569 2674 ceteris
1621 2616 1922 2675 codicibus
1975 2636 2266 2695 nusquam
2298 2618 2604 2675 invenitur
2625 2612 2671 2673 ⁸.

376 2718 469 2776 Ill.
525 2716 834 2777 Fleischer
884 2719 926 2777 l.
982 2718 1024 2775 1.
1059 2738 1120 2794 p.
1177 2716 1226 2771 V
1283 2716 1565 2775 laudatos
1618 2717 1847 2775 codices
1900 2720 2153 2795 propter
2204 2718 2415 2775 miram
2468 2736 2673 2775 eorum

375 2822 534 2876 inter
585 2826 712 2876 sese
747 2819 1222 2877 convenientiam
1270 2818 1544 2894 proxima
1595 2818 1832 2875 iunctos
1885 2837 2010 2875 esse
2064 2824 2265 2876 censet
2295 2819 2672 2893 cognatione.
2770 2894 2777 2901 ·

377 2917 488 2977 Cui
542 2920 878 2978 sententiae
941 2937 1188 2995 prorsus
1240 2918 1567 2987 assentior3
1640 2920 1723 2976 sic
1774 2924 1976 2977 autem
2028 2920 2437 2995 quaestionem
2488 2918 2674 2976 disso-

392 3089 615 3097 ..ὴ-’,-

584 3193 600 3224 ¹
639 3191 966 3260 Saepissime
993 3192 1141 3245 enim
1166 3194 1374 3261 puncta
1391 3208 1534 3261 quae
1549 3196 1819 3245 vocantur
1839 3191 2130 3247 diacritica
2152 3192 2678 3261 praetermittuntur

379 3297 556 3349 neque
595 3280 652 3333 in
678 3280 958 3335 vocabulis
983 3279 1321 3349 vulgaribuS,
1359 3280 1529 3333 immo
1547 3278 1607 3333 in
1629 3279 1856 3334 vocibus
1879 3280 2183 3333 rarioribus
2210 3279 2511 3349 formisque
2532 3278 2676 3332 diffi-

381 3369 682 3422 cilioribus.
758 3368 876 3436 Qua
924 3386 992 3422 ex
1029 3386 1090 3421 re
1129 3368 1341 3422 elucere
1376 3368 1617 3436 videtur,
1664 3369 1957 3423 librarium
2003 3370 2061 3423 in
2104 3369 2336 3439 legendo
2376 3356 2676 3439 exemplari

378 3455 609 3509 dubium
647 3475 711 3511 ac
745 3474 1067 3526 suspensum
1105 3457 1342 3511 haesisse
1361 3474 1593 3526 eamque
1616 3458 1687 3511 ob
1723 3475 1842 3511 rem
1865 3477 1974 3527 qua
2010 3457 2120 3511 fuit
2140 3459 2435 3511 severitate
2470 3461 2678 3526 puncta

381 3544 670 3599 diacritica
725 3544 985 3600 omittere
1033 3547 1289 3599 maluisse
1325 3562 1491 3614 quam
1541 3563 1834 3614 perperam
1885 3564 2108 3615 ponere.
2182 3546 2447 3615 Aguntur
2493 3548 2677 3597 autem

381 3628 475 3685 eae
504 3632 700 3686 literae
735 3651 875 3701 quae
915 3635 972 3688 in
1005 3634 1283 3702 scriptura
1306 3632 1480 3688 cufica
1516 3634 1665 3687 inter
1690 3652 1804 3688 sese
1844 3652 1956 3687 non
1980 3633 2421 3703 distinguuntur.
2468 3631 2679 3685 Deinde

378 3737 506 3774 vero
543 3721 710 3791 falsae
747 3721 1008 3775 lectiones
1047 3726 1346 3775 occurrunt
1397 3738 1536 3790 quae
1576 3721 1853 3790 quomodo
1901 3724 2146 3790 irrepere
2171 3723 2462 3789 potuerint
2497 3738 2527 3773 e
2563 3720 2679 3773 solo

379 3807 681 3876 exemplari
733 3807 908 3863 cufico
945 3808 1299 3878 intelligitur,
1355 3808 1530 3863 veluti
1568 3803 1747 3885 2255>
1784 3826 1889 3878 pro
1908 3813 2104 3886 Βὸῇ,
2145 3808 2273 3861 Alia
2310 3826 2439 3862 sane
2476 3808 2679 3877 quibus
2707 3798 2713 3804 ⁸

377 3896 548 3951 codex
586 3895 892 3951 maculatus
927 3901 1012 3951 est
1047 3898 1246 3957 menda
1281 3915 1394 3952 non
1433 3900 1665 3967 possunt
1708 3897 1845 3963 quin
1881 3897 1991 3951 iam
2026 3896 2086 3948 in
2126 3897 2425 3965 exemplari
2461 3914 2527 3950 ex
2568 3914 2679 3965 quo

379 3984 543 4039 fluxit
577 3986 855 4040 exstitisse
895 3986 1301 4041 existimentur.

583 4074 604 4105 ‘²
641 4074 792 4141 Quae
832 4076 1092 4143 primitus
1130 4080 1319 4129 secuta
1357 4075 1570 4129 fuerint
1606 4074 1758 4129 illico
1795 4091 1827 4127 e
1862 4072 2050 4128 codice
2070 4072 2347 4143 Lipsiensi
2384 4073 2678 4143 intelliges.

578 4162 598 4193 ³
637 4181 687 4215 v.
747 4162 1122 4217 Fleischerum
1177 4163 1214 4216 l.
1254 4163 1290 4217 1.
1329 4182 1382 4232 p.
1422 4162 1508 4230 34,
1566 4162 1603 4215 l.
1643 4165 1676 4214 4
1715 4180 1831 4231 sqq.
1895 4179 2061 4231 quam
2114 4162 2339 4232 quidem
2381 4161 2678 4216 clausulam

377 4250 606 4305 eandem
664 4268 780 4305 esse
831 4254 996 4320 atque
1035 4268 1150 4303 eam
1209 4268 1350 4320 quae
1402 4251 1461 4304 in
1499 4248 1619 4305 cod.
1657 4250 1814 4304 Rom.
1852 4248 2067 4319 (ultimo
2111 4248 2263 4318 folio,
2321 4255 2386 4305 ut
2440 4250 2680 4316 videtur,

378 4357 592 4408 pessum
605 4337 760 4407 dato)
779 4337 1145 4407 desideratur,
1158 4357 1221 4393 eo
1242 4338 1499 4406 efficitur,
1522 4337 1672 4408 quod
1692 4339 1935 4407 primum
1950 4357 1981 4393 a
2000 4357 2109 4409 quo
2134 4339 2334 4409 incipit
2353 4338 2677 4395 vocabulum

377 4448 710 4569 (255523-13)
763 4479 1067 4534 etiamnum
1104 4482 1162 4535 in
1201 4479 1320 4536 cod.
1358 4480 1524 4535 Rom.
1565 4484 1761 4535 exstat.
