<?xml version="1.0" encoding="UTF-8"?>
<!DOCTYPE html PUBLIC "-//W3C//DTD XHTML 1.0 Transitional//EN"
    "http://www.w3.org/TR/xhtml1/DTD/xhtml1-transitional.dtd">
<html xmlns="http://www.w3.org/1999/xhtml" xml:lang="en" lang="en">
 <head>
  <title>
</title>
<meta http-equiv="Content-Type" content="text/html;charset=utf-8" />
  <meta name='ocr-system' content='tesseract 3.04.00' />
  <meta name='ocr-capabilities' content='ocr_page ocr_carea ocr_par ocr_line ocrx_word'/>
</head>
<body>
  <div class='ocr_page' id='page_1' title='image "./hermetistrismeg00bardgoog_0015.png"; bbox 0 0 3099 5147; ppageno 0'>
   <div class='ocr_carea' id='block_1_1' title="bbox 1503 464 1593 526">
    <p class='ocr_par' dir='ltr' id='par_1_1' title="bbox 1503 464 1593 526">
     <span class='ocr_line' id='line_1_1' title="bbox 1503 464 1593 526; baseline 0.022 -2"><span class='ocrx_word' id='word_1_1' title='bbox 1503 464 1593 526; x_wconf 87' lang='lat' dir='ltr'><strong>IX</strong></span> 
     </span>
    </p>
   </div>
   <div class='ocr_carea' id='block_1_2' title="bbox 399 666 2760 2757">
    <p class='ocr_par' dir='ltr' id='par_1_2' title="bbox 401 666 2760 1934">
     <span class='ocr_line' id='line_1_2' title="bbox 406 666 2704 746; baseline 0.001 -20"><span class='ocrx_word' id='word_1_2' title='bbox 406 669 757 746; x_wconf 76' lang='lat' dir='ltr'><strong>interpretis</strong></span> <span class='ocrx_word' id='word_1_3' title='bbox 807 685 1050 726; x_wconf 89' lang='lat' dir='ltr'><strong>munere</strong></span> <span class='ocrx_word' id='word_1_4' title='bbox 1101 666 1277 744; x_wconf 87' lang='lat' dir='ltr'><strong>fungi</strong></span> <span class='ocrx_word' id='word_1_5' title='bbox 1345 667 1621 744; x_wconf 81' lang='lat' dir='ltr'><strong>idemque</strong></span> <span class='ocrx_word' id='word_1_6' title='bbox 1688 683 1921 725; x_wconf 88' lang='lat' dir='ltr'><strong>omnem</strong></span> <span class='ocrx_word' id='word_1_7' title='bbox 1986 667 2295 726; x_wconf 89' lang='lat' dir='ltr'><strong>scientiam</strong></span> <span class='ocrx_word' id='word_1_8' title='bbox 2361 667 2704 729; x_wconf 85' lang='lat' dir='ltr'><strong>hominibus</strong></span> 
     </span>
     <span class='ocr_line' id='line_1_3' title="bbox 409 767 2701 848; baseline 0.001 -20"><span class='ocrx_word' id='word_1_9' title='bbox 409 771 710 848; x_wconf 82' lang='lat' dir='ltr'><strong>aperuisse</strong></span> <span class='ocrx_word' id='word_1_10' title='bbox 753 774 826 826; x_wconf 84' lang='lat' dir='ltr'><strong>‘et</strong></span> <span class='ocrx_word' id='word_1_11' title='bbox 893 769 1114 826; x_wconf 89' lang='lat' dir='ltr'><strong>artium</strong></span> <span class='ocrx_word' id='word_1_12' title='bbox 1183 767 1617 845; x_wconf 76' lang='lat' dir='ltr'><strong>literarumque</strong></span> <span class='ocrx_word' id='word_1_13' title='bbox 1680 772 1893 832; x_wconf 77' lang='lat' dir='ltr'>auctor</span> <span class='ocrx_word' id='word_1_14' title='bbox 1944 773 2007 824; x_wconf 90' lang='lat' dir='ltr'><strong>et</strong></span> <span class='ocrx_word' id='word_1_15' title='bbox 2042 773 2349 844; x_wconf 80' lang='lat' dir='ltr'><strong>patronus</strong></span> <span class='ocrx_word' id='word_1_16' title='bbox 2396 789 2525 829; x_wconf 88' lang='lat' dir='ltr'><strong>esse</strong></span> <span class='ocrx_word' id='word_1_17' title='bbox 2575 791 2701 830; x_wconf 89' lang='lat' dir='ltr'><strong>cre-</strong></span> 
     </span>
     <span class='ocr_line' id='line_1_4' title="bbox 407 866 2702 952; baseline 0 -24"><span class='ocrx_word' id='word_1_18' title='bbox 407 870 684 930; x_wconf 77' lang='lat' dir='ltr'><strong>debatur.</strong></span> <span class='ocrx_word' id='word_1_19' title='bbox 788 868 1051 952; x_wconf 82' lang='lat' dir='ltr'><strong>Maxima</strong></span> <span class='ocrx_word' id='word_1_20' title='bbox 1099 873 1300 926; x_wconf 87' lang='lat' dir='ltr'><strong>autem</strong></span> <span class='ocrx_word' id='word_1_21' title='bbox 1349 867 1511 945; x_wconf 90' lang='lat' dir='ltr'><strong>apud</strong></span> <span class='ocrx_word' id='word_1_22' title='bbox 1566 866 1825 927; x_wconf 85' lang='lat' dir='ltr'><strong>Graecos</strong></span> <span class='ocrx_word' id='word_1_23' title='bbox 1871 870 2236 929; x_wconf 86' lang='lat' dir='ltr'><strong>auctoritate</strong></span> <span class='ocrx_word' id='word_1_24' title='bbox 2289 869 2536 928; x_wconf 89' lang='lat' dir='ltr'><strong>Hermes</strong></span> <span class='ocrx_word' id='word_1_25' title='bbox 2563 873 2702 930; x_wconf 83' lang='lat' dir='ltr'><strong>&#39;iste</strong></span> 
     </span>
     <span class='ocr_line' id='line_1_5' title="bbox 403 969 2760 1048; baseline 0.002 -19"><span class='ocrx_word' id='word_1_26' title='bbox 403 970 884 1048; x_wconf 82' lang='lat' dir='ltr'><strong>Neoplatonismi</strong></span> <span class='ocrx_word' id='word_1_27' title='bbox 940 969 1316 1046; x_wconf 76' lang='lat' dir='ltr'><strong>temporibus</strong></span> <span class='ocrx_word' id='word_1_28' title='bbox 1378 988 1518 1027; x_wconf 90' lang='lat' dir='ltr'><strong>usus</strong></span> <span class='ocrx_word' id='word_1_29' title='bbox 1570 974 1681 1039; x_wconf 87' lang='lat' dir='ltr'><strong>est,</strong></span> <span class='ocrx_word' id='word_1_30' title='bbox 1738 969 2010 1028; x_wconf 88' lang='lat' dir='ltr'><strong>omnibus</strong></span> <span class='ocrx_word' id='word_1_31' title='bbox 2062 972 2305 1028; x_wconf 89' lang='lat' dir='ltr'><strong>somniis</strong></span> <span class='ocrx_word' id='word_1_32' title='bbox 2354 971 2703 1047; x_wconf 84' lang='lat' dir='ltr'><strong>vigentibus</strong></span> <span class='ocrx_word' id='word_1_33' title='bbox 2754 1028 2760 1033; x_wconf 94' lang='lat'><strong>.</strong></span> 
     </span>
     <span class='ocr_line' id='line_1_6' title="bbox 404 1068 2701 1147; baseline 0 -17"><span class='ocrx_word' id='word_1_34' title='bbox 404 1077 470 1130; x_wconf 91' lang='lat' dir='ltr'><strong>et</strong></span> <span class='ocrx_word' id='word_1_35' title='bbox 517 1071 754 1130; x_wconf 87' lang='lat' dir='ltr'><strong>artibus</strong></span> <span class='ocrx_word' id='word_1_36' title='bbox 808 1089 960 1147; x_wconf 88' lang='lat' dir='ltr'><strong>quae</strong></span> <span class='ocrx_word' id='word_1_37' title='bbox 1008 1074 1300 1128; x_wconf 81' lang='lat' dir='ltr'><strong>vocantur</strong></span> <span class='ocrx_word' id='word_1_38' title='bbox 1361 1069 1611 1144; x_wconf 84' lang='lat' dir='ltr'><strong>magicis</strong></span> <span class='ocrx_word' id='word_1_39' title='bbox 1666 1068 2202 1129; x_wconf 82' lang='lat' dir='ltr'><strong>efflorescentibus.</strong></span> <span class='ocrx_word' id='word_1_40' title='bbox 2308 1070 2461 1130; x_wconf 88' lang='lat' dir='ltr'><strong>Tum</strong></span> <span class='ocrx_word' id='word_1_41' title='bbox 2527 1073 2701 1130; x_wconf 88' lang='lat' dir='ltr'><strong>innu-</strong></span> 
     </span>
     <span class='ocr_line' id='line_1_7' title="bbox 404 1169 2701 1249; baseline 0 -19"><span class='ocrx_word' id='word_1_42' title='bbox 404 1174 552 1230; x_wconf 88' lang='lat' dir='ltr'><strong>meri</strong></span> <span class='ocrx_word' id='word_1_43' title='bbox 603 1191 792 1248; x_wconf 87' lang='lat' dir='ltr'><strong>paene</strong></span> <span class='ocrx_word' id='word_1_44' title='bbox 852 1171 1005 1228; x_wconf 85' lang='lat' dir='ltr'><strong>varii</strong></span> <span class='ocrx_word' id='word_1_45' title='bbox 1081 1171 1320 1246; x_wconf 86' lang='lat' dir='ltr'><strong>generis</strong></span> <span class='ocrx_word' id='word_1_46' title='bbox 1393 1169 1545 1227; x_wconf 88' lang='lat' dir='ltr'><strong>editi</strong></span> <span class='ocrx_word' id='word_1_47' title='bbox 1613 1175 1758 1230; x_wconf 88' lang='lat' dir='ltr'><strong>sunt</strong></span> <span class='ocrx_word' id='word_1_48' title='bbox 1829 1169 1974 1228; x_wconf 88' lang='lat' dir='ltr'><strong>libri</strong></span> <span class='ocrx_word' id='word_1_49' title='bbox 2040 1169 2359 1242; x_wconf 89' lang='lat' dir='ltr'><strong>Hermetis‚</strong></span> <span class='ocrx_word' id='word_1_50' title='bbox 2414 1174 2701 1249; x_wconf 87' lang='lat' dir='ltr'><strong>antiquae</strong></span> 
     </span>
     <span class='ocr_line' id='line_1_8' title="bbox 403 1270 2697 1352; baseline 0.001 -22"><span class='ocrx_word' id='word_1_51' title='bbox 403 1273 568 1331; x_wconf 88' lang='lat' dir='ltr'><strong>illius</strong></span> <span class='ocrx_word' id='word_1_52' title='bbox 633 1270 906 1348; x_wconf 78' lang='lat' dir='ltr'><strong>Aegypti</strong></span> <span class='ocrx_word' id='word_1_53' title='bbox 989 1271 1324 1352; x_wconf 75' lang='lat' dir='ltr'><strong>sapientiae</strong></span> <span class='ocrx_word' id='word_1_54' title='bbox 1394 1289 1715 1346; x_wconf 80' lang='lat' dir='ltr'><strong>personam</strong></span> <span class='ocrx_word' id='word_1_55' title='bbox 1783 1272 2042 1346; x_wconf 86' lang='lat' dir='ltr'><strong>agentis,</strong></span> <span class='ocrx_word' id='word_1_56' title='bbox 2110 1273 2346 1330; x_wconf 88' lang='lat' dir='ltr'><strong>nomine</strong></span> <span class='ocrx_word' id='word_1_57' title='bbox 2398 1274 2697 1349; x_wconf 83' lang='lat' dir='ltr'><strong>insigniti.</strong></span> 
     </span>
     <span class='ocr_line' id='line_1_9' title="bbox 402 1355 2699 1450; baseline 0 -20"><span class='ocrx_word' id='word_1_58' title='bbox 402 1372 499 1430; x_wconf 83' lang='lat' dir='ltr'><strong>Ex</strong></span> <span class='ocrx_word' id='word_1_59' title='bbox 550 1373 769 1449; x_wconf 87' lang='lat' dir='ltr'><strong>quibus</strong></span> <span class='ocrx_word' id='word_1_60' title='bbox 820 1371 1144 1449; x_wconf 90' lang='lat' dir='ltr'><strong>plurimum</strong></span> <span class='ocrx_word' id='word_1_61' title='bbox 1207 1370 1412 1430; x_wconf 85' lang='lat' dir='ltr'><strong>valent</strong></span> <span class='ocrx_word' id='word_1_62' title='bbox 1465 1355 1694 1448; x_wconf 85' lang='lat' dir='ltr'><strong>scripta</strong></span> <span class='ocrx_word' id='word_1_63' title='bbox 1748 1371 2041 1447; x_wconf 78' lang='lat' dir='ltr'><strong>quaedam</strong></span> <span class='ocrx_word' id='word_1_64' title='bbox 2111 1374 2452 1449; x_wconf 84' lang='lat' dir='ltr'><strong>argumenti</strong></span> <span class='ocrx_word' id='word_1_65' title='bbox 2502 1373 2699 1450; x_wconf 82' lang='lat' dir='ltr'><strong>pbilo-</strong></span> 
     </span>
     <span class='ocr_line' id='line_1_10' title="bbox 401 1470 2697 1556; baseline 0 -25"><span class='ocrx_word' id='word_1_66' title='bbox 401 1473 634 1551; x_wconf 89' lang='lat' dir='ltr'><strong>sophici</strong></span> <span class='ocrx_word' id='word_1_67' title='bbox 687 1492 838 1550; x_wconf 89' lang='lat' dir='ltr'><strong>quae</strong></span> <span class='ocrx_word' id='word_1_68' title='bbox 907 1475 1135 1530; x_wconf 87' lang='lat' dir='ltr'><strong>ceteras</strong></span> <span class='ocrx_word' id='word_1_69' title='bbox 1212 1470 1454 1547; x_wconf 87' lang='lat' dir='ltr'><strong>quidem</strong></span> <span class='ocrx_word' id='word_1_70' title='bbox 1517 1473 1581 1528; x_wconf 90' lang='lat' dir='ltr'><strong>in</strong></span> <span class='ocrx_word' id='word_1_71' title='bbox 1645 1477 1851 1550; x_wconf 90' lang='lat' dir='ltr'><strong>partes</strong></span> <span class='ocrx_word' id='word_1_72' title='bbox 1902 1471 2069 1530; x_wconf 87' lang='lat' dir='ltr'><strong>aliud</strong></span> <span class='ocrx_word' id='word_1_73' title='bbox 2122 1472 2199 1531; x_wconf 92' lang='lat' dir='ltr'><strong>ab</strong></span> <span class='ocrx_word' id='word_1_74' title='bbox 2252 1473 2399 1556; x_wconf 23' lang='lat' dir='ltr'><strong>alio·</strong></span> <span class='ocrx_word' id='word_1_75' title='bbox 2425 1474 2521 1533; x_wconf 85' lang='lat' dir='ltr'><strong>vel</strong></span> <span class='ocrx_word' id='word_1_76' title='bbox 2573 1493 2697 1532; x_wconf 89' lang='lat' dir='ltr'><strong>ma-</strong></span> 
     </span>
     <span class='ocr_line' id='line_1_11' title="bbox 403 1563 2697 1650; baseline 0.001 -20"><span class='ocrx_word' id='word_1_77' title='bbox 403 1576 558 1632; x_wconf 84' lang='lat' dir='ltr'><strong>xime</strong></span> <span class='ocrx_word' id='word_1_78' title='bbox 611 1573 920 1642; x_wconf 85' lang='lat' dir='ltr'><strong>differunt‚</strong></span> <span class='ocrx_word' id='word_1_79' title='bbox 983 1591 1054 1630; x_wconf 89' lang='lat' dir='ltr'><strong>eo</strong></span> <span class='ocrx_word' id='word_1_80' title='bbox 1115 1576 1316 1630; x_wconf 90' lang='lat' dir='ltr'><strong>autem</strong></span> <span class='ocrx_word' id='word_1_81' title='bbox 1386 1573 1547 1630; x_wconf 84' lang='lat' dir='ltr'><strong>inter</strong></span> <span class='ocrx_word' id='word_1_82' title='bbox 1599 1591 1727 1630; x_wconf 88' lang='lat' dir='ltr'><strong>sese</strong></span> <span class='ocrx_word' id='word_1_83' title='bbox 1793 1563 2135 1648; x_wconf 84' lang='lat' dir='ltr'><strong>congruunt</strong></span> <span class='ocrx_word' id='word_1_84' title='bbox 2206 1573 2369 1650; x_wconf 88' lang='lat' dir='ltr'><strong>quod</strong></span> <span class='ocrx_word' id='word_1_85' title='bbox 2420 1579 2697 1633; x_wconf 79' lang='lat' dir='ltr'><strong>auctores</strong></span> 
     </span>
     <span class='ocr_line' id='line_1_12' title="bbox 402 1657 2703 1751; baseline 0.001 -19"><span class='ocrx_word' id='word_1_86' title='bbox 402 1695 434 1732; x_wconf 91' lang='lat' dir='ltr'><strong>e</strong></span> <span class='ocrx_word' id='word_1_87' title='bbox 486 1676 667 1733; x_wconf 85' lang='lat' dir='ltr'><strong>variis</strong></span> <span class='ocrx_word' id='word_1_88' title='bbox 735 1673 1074 1731; x_wconf 86' lang='lat' dir='ltr'><strong>rationibus</strong></span> <span class='ocrx_word' id='word_1_89' title='bbox 1137 1657 1206 1730; x_wconf 84' lang='lat' dir='ltr'><strong>ac</strong></span> <span class='ocrx_word' id='word_1_90' title='bbox 1289 1671 1623 1748; x_wconf 88' lang='lat' dir='ltr'><strong>disciplinis</strong></span> <span class='ocrx_word' id='word_1_91' title='bbox 1696 1671 1893 1734; x_wconf 83' lang='lat' dir='ltr'><strong>libant</strong></span> <span class='ocrx_word' id='word_1_92' title='bbox 1978 1673 2375 1751; x_wconf 86' lang='lat' dir='ltr'><strong>quodcunque</strong></span> <span class='ocrx_word' id='word_1_93' title='bbox 2448 1677 2703 1734; x_wconf 84' lang='lat' dir='ltr'><strong>maxime</strong></span> 
     </span>
     <span class='ocr_line' id='line_1_13' title="bbox 402 1772 2697 1858; baseline -0.001 -24"><span class='ocrx_word' id='word_1_94' title='bbox 402 1777 678 1834; x_wconf 85' lang='lat' dir='ltr'><strong>veritatis</strong></span> <span class='ocrx_word' id='word_1_95' title='bbox 723 1775 920 1851; x_wconf 90' lang='lat' dir='ltr'><strong>specie</strong></span> <span class='ocrx_word' id='word_1_96' title='bbox 993 1792 1094 1832; x_wconf 89' lang='lat' dir='ltr'><strong>eos</strong></span> <span class='ocrx_word' id='word_1_97' title='bbox 1147 1773 1339 1830; x_wconf 87' lang='lat' dir='ltr'><strong>movit</strong></span> <span class='ocrx_word' id='word_1_98' title='bbox 1392 1774 1631 1849; x_wconf 88' lang='lat' dir='ltr'><strong>istaque</strong></span> <span class='ocrx_word' id='word_1_99' title='bbox 1682 1772 1909 1850; x_wconf 86' lang='lat' dir='ltr'><strong>placita</strong></span> <span class='ocrx_word' id='word_1_100' title='bbox 1960 1773 2038 1834; x_wconf 87' lang='lat' dir='ltr'><strong>ad</strong></span> <span class='ocrx_word' id='word_1_101' title='bbox 2102 1776 2269 1858; x_wconf 25' lang='lat' dir='ltr'><strong>vitae·</strong></span> <span class='ocrx_word' id='word_1_102' title='bbox 2335 1783 2505 1833; x_wconf 87' lang='lat' dir='ltr'><strong>usum</strong></span> <span class='ocrx_word' id='word_1_103' title='bbox 2560 1796 2697 1834; x_wconf 92' lang='lat' dir='ltr'><strong>con-</strong></span> 
     </span>
     <span class='ocr_line' id='line_1_14' title="bbox 402 1862 2045 1934; baseline -0.002 0"><span class='ocrx_word' id='word_1_104' title='bbox 402 1875 648 1934; x_wconf 88' lang='lat' dir='ltr'><strong>ferenda</strong></span> <span class='ocrx_word' id='word_1_105' title='bbox 693 1880 908 1933; x_wconf 88' lang='lat' dir='ltr'><strong>curant</strong></span> <span class='ocrx_word' id='word_1_106' title='bbox 937 1862 976 1930; x_wconf 81' lang='lat'><strong>¹.</strong></span> <span class='ocrx_word' id='word_1_107' title='bbox 2040 1884 2045 1888; x_wconf 89' lang='lat'>&#39;</span> 
     </span>
    </p>

    <p class='ocr_par' dir='ltr' id='par_1_3' title="bbox 401 1969 2699 2437">
     <span class='ocr_line' id='line_1_15' title="bbox 597 1969 2697 2048; baseline 0 -14"><span class='ocrx_word' id='word_1_108' title='bbox 597 1976 654 2034; x_wconf 92' lang='lat' dir='ltr'><strong>A</strong></span> <span class='ocrx_word' id='word_1_109' title='bbox 683 1973 923 2034; x_wconf 86' lang='lat' dir='ltr'><strong>Graecis</strong></span> <span class='ocrx_word' id='word_1_110' title='bbox 961 1971 1504 2048; x_wconf 85' lang='lat' dir='ltr'><strong>(intercedentibus</strong></span> <span class='ocrx_word' id='word_1_111' title='bbox 1533 1969 1727 2048; x_wconf 84' lang='lat' dir='ltr'><strong>Syris)</strong></span> <span class='ocrx_word' id='word_1_112' title='bbox 1784 1972 2087 2032; x_wconf 87' lang='lat' dir='ltr'><strong>Hermetis</strong></span> <span class='ocrx_word' id='word_1_113' title='bbox 2139 1974 2299 2032; x_wconf 87' lang='lat' dir='ltr'><strong>fama</strong></span> <span class='ocrx_word' id='word_1_114' title='bbox 2349 1975 2427 2032; x_wconf 88' lang='lat' dir='ltr'><strong>ad</strong></span> <span class='ocrx_word' id='word_1_115' title='bbox 2460 1974 2697 2035; x_wconf 83' lang='lat' dir='ltr'><strong>Arabes</strong></span> 
     </span>
     <span class='ocr_line' id='line_1_16' title="bbox 403 2071 2699 2156; baseline 0.001 -23"><span class='ocrx_word' id='word_1_116' title='bbox 403 2073 614 2156; x_wconf 87' lang='lat' dir='ltr'><strong>(atque</strong></span> <span class='ocrx_word' id='word_1_117' title='bbox 665 2076 742 2134; x_wconf 92' lang='lat' dir='ltr'><strong>ab</strong></span> <span class='ocrx_word' id='word_1_118' title='bbox 785 2077 870 2132; x_wconf 89' lang='lat' dir='ltr'><strong>eis</strong></span> <span class='ocrx_word' id='word_1_119' title='bbox 917 2074 995 2136; x_wconf 84' lang='lat' dir='ltr'><strong>ad</strong></span> <span class='ocrx_word' id='word_1_120' title='bbox 1037 2071 1318 2150; x_wconf 90' lang='lat' dir='ltr'><strong>Iudaeos)</strong></span> <span class='ocrx_word' id='word_1_121' title='bbox 1370 2075 1675 2151; x_wconf 76' lang='lat' dir='ltr'><strong>migravit.</strong></span> <span class='ocrx_word' id='word_1_122' title='bbox 1780 2073 1960 2151; x_wconf 88' lang='lat' dir='ltr'><strong>Apud</strong></span> <span class='ocrx_word' id='word_1_123' title='bbox 2012 2095 2162 2151; x_wconf 83' lang='lat' dir='ltr'><strong>quos</strong></span> <span class='ocrx_word' id='word_1_124' title='bbox 2212 2095 2436 2134; x_wconf 85' lang='lat' dir='ltr'><strong>summa</strong></span> <span class='ocrx_word' id='word_1_125' title='bbox 2488 2075 2699 2148; x_wconf 85' lang='lat' dir='ltr'><strong>floruit</strong></span> 
     </span>
     <span class='ocr_line' id='line_1_17' title="bbox 403 2173 2699 2253; baseline 0.001 -19"><span class='ocrx_word' id='word_1_126' title='bbox 403 2177 699 2236; x_wconf 84' lang='lat' dir='ltr'><strong>claritate.</strong></span> <span class='ocrx_word' id='word_1_127' title='bbox 802 2174 1003 2234; x_wconf 86' lang='lat' dir='ltr'><strong>Missis</strong></span> <span class='ocrx_word' id='word_1_128' title='bbox 1048 2180 1250 2233; x_wconf 86' lang='lat' dir='ltr'><strong>autem</strong></span> <span class='ocrx_word' id='word_1_129' title='bbox 1301 2175 1508 2233; x_wconf 88' lang='lat' dir='ltr'><strong>multis</strong></span> <span class='ocrx_word' id='word_1_130' title='bbox 1558 2173 1681 2231; x_wconf 90' lang='lat' dir='ltr'><strong>illis</strong></span> <span class='ocrx_word' id='word_1_131' title='bbox 1731 2179 1795 2232; x_wconf 88' lang='lat' dir='ltr'><strong>et</strong></span> <span class='ocrx_word' id='word_1_132' title='bbox 1831 2175 2012 2233; x_wconf 86' lang='lat' dir='ltr'><strong>variis</strong></span> <span class='ocrx_word' id='word_1_133' title='bbox 2064 2196 2217 2252; x_wconf 87' lang='lat' dir='ltr'><strong>quae</strong></span> <span class='ocrx_word' id='word_1_134' title='bbox 2268 2177 2429 2253; x_wconf 89' lang='lat' dir='ltr'><strong>apud</strong></span> <span class='ocrx_word' id='word_1_135' title='bbox 2465 2177 2699 2236; x_wconf 86' lang='lat' dir='ltr'><strong>Arabes</strong></span> 
     </span>
     <span class='ocr_line' id='line_1_18' title="bbox 403 2265 2697 2357; baseline 0 -21"><span class='ocrx_word' id='word_1_136' title='bbox 403 2277 475 2336; x_wconf 89' lang='lat' dir='ltr'><strong>de</strong></span> <span class='ocrx_word' id='word_1_137' title='bbox 541 2297 612 2336; x_wconf 91' lang='lat' dir='ltr'><strong>eo</strong></span> <span class='ocrx_word' id='word_1_138' title='bbox 675 2276 957 2335; x_wconf 86' lang='lat' dir='ltr'><strong>feruntur</strong></span> <span class='ocrx_word' id='word_1_139' title='bbox 1018 2275 1242 2334; x_wconf 85' lang='lat' dir='ltr'><strong>fabulis</strong></span> <span class='ocrx_word' id='word_1_140' title='bbox 1259 2265 1304 2346; x_wconf 80' lang='lat'><strong>²,</strong></span> <span class='ocrx_word' id='word_1_141' title='bbox 1391 2276 1599 2353; x_wconf 86' lang='lat' dir='ltr'><strong>paucis</strong></span> <span class='ocrx_word' id='word_1_142' title='bbox 1666 2293 1962 2352; x_wconf 82' lang='lat' dir='ltr'><strong>exponere</strong></span> <span class='ocrx_word' id='word_1_143' title='bbox 2024 2277 2213 2346; x_wconf 86' lang='lat' dir='ltr'><strong>iuvat,</strong></span> <span class='ocrx_word' id='word_1_144' title='bbox 2290 2297 2439 2353; x_wconf 88' lang='lat' dir='ltr'><strong>quas</strong></span> <span class='ocrx_word' id='word_1_145' title='bbox 2490 2283 2697 2357; x_wconf 86' lang='lat' dir='ltr'><strong>partes</strong></span> 
     </span>
     <span class='ocr_line' id='line_1_19' title="bbox 401 2358 2050 2437; baseline 0 -3"><span class='ocrx_word' id='word_1_146' title='bbox 401 2378 738 2437; x_wconf 87' lang='lat' dir='ltr'><strong>obtinuerit</strong></span> <span class='ocrx_word' id='word_1_147' title='bbox 787 2378 849 2434; x_wconf 89' lang='lat' dir='ltr'><strong>in</strong></span> <span class='ocrx_word' id='word_1_148' title='bbox 899 2376 1167 2435; x_wconf 90' lang='lat' dir='ltr'><strong>Arabum</strong></span> <span class='ocrx_word' id='word_1_149' title='bbox 1219 2376 1434 2434; x_wconf 76' lang='lat' dir='ltr'><strong>literiS.</strong></span> <span class='ocrx_word' id='word_1_150' title='bbox 2040 2358 2050 2364; x_wconf 50' lang='grc'><em>“</em></span> 
     </span>
    </p>

    <p class='ocr_par' dir='ltr' id='par_1_4' title="bbox 399 2475 2695 2757">
     <span class='ocr_line' id='line_1_20' title="bbox 599 2475 2693 2556; baseline 0.002 -22"><span class='ocrx_word' id='word_1_151' title='bbox 599 2477 688 2536; x_wconf 92' lang='lat' dir='ltr'><strong>De</strong></span> <span class='ocrx_word' id='word_1_152' title='bbox 717 2476 1270 2556; x_wconf 84' lang='lat' dir='ltr'><strong>philosophicorum</strong></span> <span class='ocrx_word' id='word_1_153' title='bbox 1301 2477 1543 2535; x_wconf 86' lang='lat' dir='ltr'><strong>illorum</strong></span> <span class='ocrx_word' id='word_1_154' title='bbox 1598 2495 1850 2552; x_wconf 90' lang='lat' dir='ltr'><strong>quorum</strong></span> <span class='ocrx_word' id='word_1_155' title='bbox 1902 2475 2076 2534; x_wconf 90' lang='lat' dir='ltr'><strong>modo</strong></span> <span class='ocrx_word' id='word_1_156' title='bbox 2103 2479 2465 2536; x_wconf 89' lang='lat' dir='ltr'><strong>mentionem</strong></span> <span class='ocrx_word' id='word_1_157' title='bbox 2516 2481 2693 2538; x_wconf 88' lang='lat' dir='ltr'><strong>inieci</strong></span> 
     </span>
     <span class='ocr_line' id='line_1_21' title="bbox 400 2576 2691 2655; baseline 0 -17"><span class='ocrx_word' id='word_1_158' title='bbox 400 2578 692 2638; x_wconf 85' lang='lat' dir='ltr'><strong>librorum</strong></span> <span class='ocrx_word' id='word_1_159' title='bbox 758 2576 1235 2637; x_wconf 86' lang='lat' dir='ltr'><strong>Hermeticorum</strong></span> <span class='ocrx_word' id='word_1_160' title='bbox 1305 2577 1922 2655; x_wconf 87' lang='lat' dir='ltr'><strong>interpretationibus</strong></span> <span class='ocrx_word' id='word_1_161' title='bbox 1992 2578 2247 2637; x_wconf 85' lang='lat' dir='ltr'><strong>arabicis</strong></span> <span class='ocrx_word' id='word_1_162' title='bbox 2316 2579 2471 2638; x_wconf 90' lang='lat' dir='ltr'><strong>nihil</strong></span> <span class='ocrx_word' id='word_1_163' title='bbox 2534 2600 2691 2638; x_wconf 92' lang='lat' dir='ltr'><strong>com-</strong></span> 
     </span>
     <span class='ocr_line' id='line_1_22' title="bbox 399 2669 2695 2757; baseline 0 -19"><span class='ocrx_word' id='word_1_164' title='bbox 399 2686 639 2757; x_wconf 89' lang='lat' dir='ltr'><strong>pertum</strong></span> <span class='ocrx_word' id='word_1_165' title='bbox 689 2683 801 2737; x_wconf 88' lang='lat' dir='ltr'><strong>est.</strong></span> <span class='ocrx_word' id='word_1_166' title='bbox 908 2678 1124 2737; x_wconf 84' lang='lat' dir='ltr'><strong>Tradit</strong></span> <span class='ocrx_word' id='word_1_167' title='bbox 1173 2678 1415 2755; x_wconf 90' lang='lat' dir='ltr'><strong>quidem</strong></span> <span class='ocrx_word' id='word_1_168' title='bbox 1467 2677 1889 2737; x_wconf 87' lang='lat' dir='ltr'><strong>Barhebraeus</strong></span> <span class='ocrx_word' id='word_1_169' title='bbox 1910 2669 1954 2747; x_wconf 76' lang='lat'><strong>⁸,</strong></span> <span class='ocrx_word' id='word_1_170' title='bbox 2009 2698 2309 2739; x_wconf 85' lang='lat' dir='ltr'><strong>sermones</strong></span> <span class='ocrx_word' id='word_1_171' title='bbox 2357 2682 2520 2739; x_wconf 89' lang='lat' dir='ltr'><strong>inter</strong></span> <span class='ocrx_word' id='word_1_172' title='bbox 2542 2680 2695 2739; x_wconf 90' lang='lat' dir='ltr'><strong>Her-</strong></span> 
     </span>
    </p>
   </div>
   <div class='ocr_carea' id='block_1_3' title="bbox 408 2870 803 2877">
    <p class='ocr_par' dir='ltr' id='par_1_5' title="bbox 408 2870 803 2877">
     <span class='ocr_line' id='line_1_23' title="bbox 408 2870 803 2877; baseline 0 2270"><span class='ocrx_word' id='word_1_173' title='bbox 408 2870 803 2877; x_wconf 95' lang='lat' dir='ltr'><strong> </strong></span> 
     </span>
    </p>
   </div>
   <div class='ocr_carea' id='block_1_4' title="bbox 387 2982 2914 4565">
    <p class='ocr_par' dir='ltr' id='par_1_6' title="bbox 393 2982 2972 3942">
     <span class='ocr_line' id='line_1_24' title="bbox 610 2982 2719 3053; baseline 0 -14"><span class='ocrx_word' id='word_1_174' title='bbox 610 2988 628 3019; x_wconf 91' lang='lat'>¹</span> <span class='ocrx_word' id='word_1_175' title='bbox 664 2985 746 3039; x_wconf 86' lang='lat' dir='ltr'><strong>De</strong></span> <span class='ocrx_word' id='word_1_176' title='bbox 801 2985 924 3039; x_wconf 87' lang='lat' dir='ltr'><strong>istis</strong></span> <span class='ocrx_word' id='word_1_177' title='bbox 975 2982 1136 3037; x_wconf 90' lang='lat' dir='ltr'><strong>libris</strong></span> <span class='ocrx_word' id='word_1_178' title='bbox 1192 3000 1430 3052; x_wconf 87' lang='lat' dir='ltr'><strong>quorum</strong></span> <span class='ocrx_word' id='word_1_179' title='bbox 1490 2982 1743 3037; x_wconf 89' lang='lat' dir='ltr'><strong>nonnulli</strong></span> <span class='ocrx_word' id='word_1_180' title='bbox 1804 2982 2132 3053; x_wconf 81' lang='lat' dir='ltr'><strong>fragmentis</strong></span> <span class='ocrx_word' id='word_1_181' title='bbox 2175 2983 2560 3038; x_wconf 87' lang='lat' dir='ltr'><strong>tantummodo</strong></span> <span class='ocrx_word' id='word_1_182' title='bbox 2601 2990 2719 3039; x_wconf 87' lang='lat' dir='ltr'><strong>aut·</strong></span> 
     </span>
     <span class='ocr_line' id='line_1_25' title="bbox 401 3067 2697 3141; baseline -0.001 -14"><span class='ocrx_word' id='word_1_183' title='bbox 401 3067 744 3127; x_wconf 81' lang='lat' dir='ltr'><strong>versionibus</strong></span> <span class='ocrx_word' id='word_1_184' title='bbox 779 3071 968 3125; x_wconf 87' lang='lat' dir='ltr'><strong>latinis</strong></span> <span class='ocrx_word' id='word_1_185' title='bbox 1004 3072 1074 3125; x_wconf 86' lang='lat' dir='ltr'><strong>ad</strong></span> <span class='ocrx_word' id='word_1_186' title='bbox 1097 3076 1342 3125; x_wconf 88' lang='lat' dir='ltr'><strong>nostram</strong></span> <span class='ocrx_word' id='word_1_187' title='bbox 1365 3075 1737 3139; x_wconf 87' lang='lat' dir='ltr'><strong>pervenerunt</strong></span> <span class='ocrx_word' id='word_1_188' title='bbox 1760 3076 2014 3139; x_wconf 76' lang='lat' dir='ltr'><strong>aetatem,</strong></span> <span class='ocrx_word' id='word_1_189' title='bbox 2041 3074 2106 3124; x_wconf 88' lang='lat' dir='ltr'><strong>ut</strong></span> <span class='ocrx_word' id='word_1_190' title='bbox 2123 3072 2425 3125; x_wconf 85' lang='lat' dir='ltr'><strong>veteriores</strong></span> <span class='ocrx_word' id='word_1_191' title='bbox 2458 3073 2697 3141; x_wconf 88' lang='lat' dir='ltr'><strong>mittam,</strong></span> 
     </span>
     <span class='ocr_line' id='line_1_26' title="bbox 399 3159 2699 3231; baseline -0.001 -17"><span class='ocrx_word' id='word_1_192' title='bbox 399 3166 574 3231; x_wconf 83' lang='lat' dir='ltr'><strong>agunt</strong></span> <span class='ocrx_word' id='word_1_193' title='bbox 609 3160 726 3216; x_wconf 85' lang='lat' dir='ltr'><strong>VV.</strong></span> <span class='ocrx_word' id='word_1_194' title='bbox 763 3160 840 3213; x_wconf 88' lang='lat' dir='ltr'><strong>CI.</strong></span> <span class='ocrx_word' id='word_1_195' title='bbox 880 3160 1502 3229; x_wconf 80' lang='lat' dir='ltr'><strong>Baumgarten-Crusius</strong></span> <span class='ocrx_word' id='word_1_196' title='bbox 1560 3159 1641 3212; x_wconf 89' lang='lat' dir='ltr'><strong>De</strong></span> <span class='ocrx_word' id='word_1_197' title='bbox 1678 3159 1950 3212; x_wconf 88' lang='lat' dir='ltr'><strong>librorum</strong></span> <span class='ocrx_word' id='word_1_198' title='bbox 2004 3159 2448 3213; x_wconf 86' lang='lat' dir='ltr'><strong>Hermeticorum</strong></span> <span class='ocrx_word' id='word_1_199' title='bbox 2482 3160 2699 3229; x_wconf 85' lang='lat' dir='ltr'><strong>origine</strong></span> 
     </span>
     <span class='ocr_line' id='line_1_27' title="bbox 401 3246 2697 3319; baseline -0.001 -15"><span class='ocrx_word' id='word_1_200' title='bbox 401 3254 568 3319; x_wconf 84' lang='lat' dir='ltr'><strong>atque</strong></span> <span class='ocrx_word' id='word_1_201' title='bbox 605 3248 806 3303; x_wconf 90' lang='lat' dir='ltr'><strong>indole.</strong></span> <span class='ocrx_word' id='word_1_202' title='bbox 880 3249 1042 3303; x_wconf 88' lang='lat' dir='ltr'><strong>lenae</strong></span> <span class='ocrx_word' id='word_1_203' title='bbox 1081 3250 1235 3303; x_wconf 82' lang='lat'><strong>1827.</strong></span> <span class='ocrx_word' id='word_1_204' title='bbox 1295 3248 1548 3317; x_wconf 85' lang='lat' dir='ltr'><strong>(Progr.),</strong></span> <span class='ocrx_word' id='word_1_205' title='bbox 1584 3248 1645 3301; x_wconf 93' lang='lat' dir='ltr'><strong>B.</strong></span> <span class='ocrx_word' id='word_1_206' title='bbox 1688 3248 1730 3300; x_wconf 91' lang='grc' dir='ltr'><strong>Ι.</strong></span> <span class='ocrx_word' id='word_1_207' title='bbox 1769 3248 1990 3316; x_wconf 85' lang='lat' dir='ltr'><strong>Hilgers</strong></span> <span class='ocrx_word' id='word_1_208' title='bbox 2026 3246 2107 3299; x_wconf 90' lang='lat' dir='ltr'><strong>De</strong></span> <span class='ocrx_word' id='word_1_209' title='bbox 2144 3247 2421 3301; x_wconf 85' lang='lat' dir='ltr'><strong>Hermetis</strong></span> <span class='ocrx_word' id='word_1_210' title='bbox 2458 3247 2697 3302; x_wconf 85' lang='lat' dir='ltr'><strong>Trisme-</strong></span> 
     </span>
     <span class='ocr_line' id='line_1_28' title="bbox 399 3338 2739 3415; baseline 0 -21"><span class='ocrx_word' id='word_1_211' title='bbox 399 3342 532 3409; x_wconf 79' lang='lat' dir='ltr'><strong>gisti</strong></span> <span class='ocrx_word' id='word_1_212' title='bbox 594 3338 925 3415; x_wconf 87' lang='lat' dir='ltr'><strong>Poimandro</strong></span> <span class='ocrx_word' id='word_1_213' title='bbox 961 3338 1370 3393; x_wconf 65' lang='lat' dir='ltr'><strong>commentatiO.</strong></span> <span class='ocrx_word' id='word_1_214' title='bbox 1443 3338 1669 3391; x_wconf 82' lang='lat' dir='ltr'><strong>Bonnae</strong></span> <span class='ocrx_word' id='word_1_215' title='bbox 1708 3339 1861 3391; x_wconf 86' lang='lat'><strong>1855.</strong></span> <span class='ocrx_word' id='word_1_216' title='bbox 1910 3338 2169 3407; x_wconf 81' lang='lat' dir='ltr'><strong>(Progr.)‚</strong></span> <span class='ocrx_word' id='word_1_217' title='bbox 2214 3339 2277 3393; x_wconf 87' lang='lat' dir='ltr'><strong>L.</strong></span> <span class='ocrx_word' id='word_1_218' title='bbox 2318 3339 2550 3393; x_wconf 75' lang='lat' dir='ltr'><strong>Menard</strong></span> <span class='ocrx_word' id='word_1_219' title='bbox 2588 3341 2696 3395; x_wconf 79' lang='lat' dir='ltr'><strong>Les</strong></span> <span class='ocrx_word' id='word_1_220' title='bbox 2734 3357 2739 3362; x_wconf 88' lang='lat'>·</span> 
     </span>
     <span class='ocr_line' id='line_1_29' title="bbox 393 3424 2693 3497; baseline -0 -15"><span class='ocrx_word' id='word_1_221' title='bbox 393 3429 559 3483; x_wconf 66' lang='lat' dir='ltr'><strong>livre-3</strong></span> <span class='ocrx_word' id='word_1_222' title='bbox 595 3426 875 3483; x_wconf 64' lang='lat' dir='ltr'><strong>d&#39;Hermes</strong></span> <span class='ocrx_word' id='word_1_223' title='bbox 912 3426 1272 3497; x_wconf 62' lang='lat' dir='ltr'><strong>Tmfsmeyiste.</strong></span> <span class='ocrx_word' id='word_1_224' title='bbox 1314 3428 1372 3480; x_wconf 89' lang='lat' dir='ltr'><strong>in</strong></span> <span class='ocrx_word' id='word_1_225' title='bbox 1409 3426 1588 3481; x_wconf 85' lang='lat' dir='ltr'><strong>annal.</strong></span> <span class='ocrx_word' id='word_1_226' title='bbox 1630 3427 1814 3481; x_wconf 78' lang='lat' dir='ltr'><strong>Rcvue</strong></span> <span class='ocrx_word' id='word_1_227' title='bbox 1849 3427 1943 3481; x_wconf 80' lang='lat' dir='ltr'><strong>des</strong></span> <span class='ocrx_word' id='word_1_228' title='bbox 1978 3428 2123 3481; x_wconf 78' lang='lat' dir='ltr'><strong>deux</strong></span> <span class='ocrx_word' id='word_1_229' title='bbox 2156 3428 2396 3483; x_wconf 75' lang='lat' dir='ltr'><strong>mundes.</strong></span> <span class='ocrx_word' id='word_1_230' title='bbox 2436 3434 2563 3483; x_wconf 83' lang='lat' dir='ltr'><strong>tom.</strong></span> <span class='ocrx_word' id='word_1_231' title='bbox 2602 3424 2693 3483; x_wconf 76' lang='lat'><strong>62.</strong></span> 
     </span>
     <span class='ocr_line' id='line_1_30' title="bbox 396 3512 2697 3585; baseline 0.001 -15"><span class='ocrx_word' id='word_1_232' title='bbox 396 3516 528 3583; x_wconf 85' lang='lat'><em>(186</em></span> <span class='ocrx_word' id='word_1_233' title='bbox 550 3518 628 3583; x_wconf 89' lang='lat'><strong>6.)</strong></span> <span class='ocrx_word' id='word_1_234' title='bbox 667 3534 721 3583; x_wconf 91' lang='lat' dir='ltr'><strong>p.</strong></span> <span class='ocrx_word' id='word_1_235' title='bbox 760 3517 1060 3583; x_wconf 82' lang='lat'>870—907,</span> <span class='ocrx_word' id='word_1_236' title='bbox 1113 3532 1254 3584; x_wconf 88' lang='lat' dir='ltr'><strong>quae</strong></span> <span class='ocrx_word' id='word_1_237' title='bbox 1305 3512 1698 3569; x_wconf 84' lang='lat' dir='ltr'><strong>commentatio</strong></span> <span class='ocrx_word' id='word_1_238' title='bbox 1748 3516 2047 3584; x_wconf 85' lang='lat' dir='ltr'><strong>praemissa</strong></span> <span class='ocrx_word' id='word_1_239' title='bbox 2106 3520 2188 3569; x_wconf 86' lang='lat' dir='ltr'><strong>est</strong></span> <span class='ocrx_word' id='word_1_240' title='bbox 2244 3517 2486 3571; x_wconf 88' lang='lat' dir='ltr'><strong>auctoris</strong></span> <span class='ocrx_word' id='word_1_241' title='bbox 2540 3518 2697 3585; x_wconf 89' lang='lat' dir='ltr'><strong>operi</strong></span> 
     </span>
     <span class='ocr_line' id='line_1_31' title="bbox 397 3602 2697 3674; baseline 0.001 -17"><span class='ocrx_word' id='word_1_242' title='bbox 397 3603 624 3659; x_wconf 64' lang='lat' dir='ltr'><strong>Hermes</strong></span> <span class='ocrx_word' id='word_1_243' title='bbox 689 3602 1050 3673; x_wconf 67' lang='lat' dir='ltr'><strong>fflsmcyiste.</strong></span> <span class='ocrx_word' id='word_1_244' title='bbox 1113 3603 1456 3658; x_wconf 74' lang='lat' dir='ltr'><strong>Traduction</strong></span> <span class='ocrx_word' id='word_1_245' title='bbox 1511 3605 1784 3673; x_wconf 61' lang='lat' dir='ltr'><strong>complete,</strong></span> <span class='ocrx_word' id='word_1_246' title='bbox 1840 3604 2099 3674; x_wconf 63' lang='lat' dir='ltr'><strong>precedee</strong></span> <span class='ocrx_word' id='word_1_247' title='bbox 2172 3604 2332 3659; x_wconf 76' lang='lat' dir='ltr'><strong>cl&#39;une</strong></span> <span class='ocrx_word' id='word_1_248' title='bbox 2386 3604 2546 3659; x_wconf 60' lang='lat' dir='ltr'><strong>&amp;tude</strong></span> <span class='ocrx_word' id='word_1_249' title='bbox 2598 3620 2697 3661; x_wconf 77' lang='lat' dir='ltr'><strong>sur</strong></span> 
     </span>
     <span class='ocr_line' id='line_1_32' title="bbox 395 3692 2793 3810; baseline -0 -62"><span class='ocrx_word' id='word_1_250' title='bbox 395 3693 646 3763; x_wconf 70' lang='lat' dir='ltr'><strong>l&#39;on’qine</strong></span> <span class='ocrx_word' id='word_1_251' title='bbox 668 3692 763 3747; x_wconf 76' lang='lat' dir='ltr'><strong>des</strong></span> <span class='ocrx_word' id='word_1_252' title='bbox 783 3692 948 3747; x_wconf 79' lang='lat' dir='ltr'><strong>livres</strong></span> <span class='ocrx_word' id='word_1_253' title='bbox 974 3692 1340 3761; x_wconf 65' lang='lat' dir='ltr'><strong>hermetiques.</strong></span> <span class='ocrx_word' id='word_1_254' title='bbox 1381 3692 1551 3747; x_wconf 77' lang='lat' dir='ltr'><strong>Paris</strong></span> <span class='ocrx_word' id='word_1_255' title='bbox 1570 3696 1742 3759; x_wconf 86' lang='grc'><em>1866,</em></span> <span class='ocrx_word' id='word_1_256' title='bbox 1735 3710 1751 3723; x_wconf 71' lang='grc'>’</span> <span class='ocrx_word' id='word_1_257' title='bbox 1782 3698 1837 3747; x_wconf 78' lang='lat'><strong>2.</strong></span> <span class='ocrx_word' id='word_1_258' title='bbox 1875 3692 1957 3747; x_wconf 69' lang='lat' dir='ltr'><strong>ed.</strong></span> <span class='ocrx_word' id='word_1_259' title='bbox 1998 3694 2129 3747; x_wconf 78' lang='lat' dir='ltr'><strong>Par.</strong></span> <span class='ocrx_word' id='word_1_260' title='bbox 2163 3697 2339 3757; x_wconf 71' lang='lat'><em>1867„</em></span> <span class='ocrx_word' id='word_1_261' title='bbox 2375 3694 2444 3747; x_wconf 92' lang='lat' dir='ltr'><strong>H.</strong></span> <span class='ocrx_word' id='word_1_262' title='bbox 2471 3692 2695 3747; x_wconf 87' lang='lat' dir='ltr'><strong>Kellner</strong></span> <span class='ocrx_word' id='word_1_263' title='bbox 2736 3718 2753 3810; x_wconf 58' lang='grc' dir='ltr'><em>Ι</em></span> <span class='ocrx_word' id='word_1_264' title='bbox 2780 3707 2793 3769; x_wconf 68' lang='lat' dir='ltr'><em>j</em></span> 
     </span>
     <span class='ocr_line' id='line_1_33' title="bbox 394 3767 2781 3853; baseline 0 -16"><span class='ocrx_word' id='word_1_265' title='bbox 394 3783 760 3840; x_wconf 73' lang='lat' dir='ltr'><strong>Hellenismus</strong></span> <span class='ocrx_word' id='word_1_266' title='bbox 821 3783 939 3853; x_wconf 76' lang='lat' dir='ltr'><strong>und</strong></span> <span class='ocrx_word' id='word_1_267' title='bbox 988 3782 1412 3837; x_wconf 75' lang='lat' dir='ltr'><strong>Christenthum.</strong></span> <span class='ocrx_word' id='word_1_268' title='bbox 1491 3782 1645 3842; x_wconf 75' lang='lat' dir='ltr'><strong>Ko&#39;ln</strong></span> <span class='ocrx_word' id='word_1_269' title='bbox 1682 3786 1845 3838; x_wconf 90' lang='grc'><em>1866.</em></span> <span class='ocrx_word' id='word_1_270' title='bbox 1903 3800 1957 3852; x_wconf 91' lang='lat' dir='ltr'><strong>p.</strong></span> <span class='ocrx_word' id='word_1_271' title='bbox 2011 3785 2117 3837; x_wconf 86' lang='lat'><strong>237</strong></span> <span class='ocrx_word' id='word_1_272' title='bbox 2172 3800 2308 3853; x_wconf 87' lang='lat' dir='ltr'><strong>sqq.</strong></span> <span class='ocrx_word' id='word_1_273' title='bbox 2353 3782 2397 3837; x_wconf 94' lang='lat' dir='ltr'><strong>I.</strong></span> <span class='ocrx_word' id='word_1_274' title='bbox 2453 3784 2743 3853; x_wconf 82' lang='lat' dir='ltr'><strong>Bernays</strong></span> <span class='ocrx_word' id='word_1_275' title='bbox 2767 3767 2781 3824; x_wconf 70' lang='grc' dir='ltr'><em>ἶ</em></span> 
     </span>
     <span class='ocr_line' id='line_1_34' title="bbox 395 3842 2914 3956; baseline -0.002 -28"><span class='ocrx_word' id='word_1_276' title='bbox 395 3874 511 3928; x_wconf 80' lang='lat' dir='ltr'><strong>Der</strong></span> <span class='ocrx_word' id='word_1_277' title='bbox 545 3878 708 3927; x_wconf 67' lang='lat' dir='ltr'><strong>anter</strong></span> <span class='ocrx_word' id='word_1_278' title='bbox 740 3872 1058 3942; x_wconf 67' lang='lat' dir='ltr'><strong>Apuleia-3²3</strong></span> <span class='ocrx_word' id='word_1_279' title='bbox 1103 3871 1328 3927; x_wconf 75' lang='lat' dir='ltr'><strong>Werken</strong></span> <span class='ocrx_word' id='word_1_280' title='bbox 1375 3871 1625 3926; x_wconf 79' lang='lat' dir='ltr'><strong>stehende</strong></span> <span class='ocrx_word' id='word_1_281' title='bbox 1658 3872 1871 3941; x_wconf 71' lang='lat' dir='ltr'><strong>Dialoq</strong></span> <span class='ocrx_word' id='word_1_282' title='bbox 1906 3870 2215 3941; x_wconf 77' lang='lat' dir='ltr'><strong>Asclepius.</strong></span> <span class='ocrx_word' id='word_1_283' title='bbox 2250 3872 2448 3925; x_wconf 79' lang='lat' dir='ltr'><strong>Berlin</strong></span> <span class='ocrx_word' id='word_1_284' title='bbox 2485 3875 2641 3927; x_wconf 83' lang='grc'><em>1871.</em></span> <span class='ocrx_word' id='word_1_285' title='bbox 2720 3851 2770 3968; x_wconf 63' lang='lat'><strong>3¹1³</strong></span> <span class='ocrx_word' id='word_1_286' title='bbox 2791 3842 2914 3924; x_wconf 57' lang='lat' dir='ltr'><strong>fs</strong></span> 
     </span>
    </p>

    <p class='ocr_par' dir='ltr' id='par_1_7' title="bbox 392 3933 2765 4295">
     <span class='ocr_line' id='line_1_35' title="bbox 600 3933 2765 4030; baseline -0.001 -15"><span class='ocrx_word' id='word_1_287' title='bbox 600 3962 621 3993; x_wconf 80' lang='lat'>²</span> <span class='ocrx_word' id='word_1_288' title='bbox 655 3960 788 4015; x_wconf 89' lang='lat' dir='ltr'><strong>Post</strong></span> <span class='ocrx_word' id='word_1_289' title='bbox 839 3960 1288 4030; x_wconf 84' lang='lat' dir='ltr'><strong>Sanguinettium</strong></span> <span class='ocrx_word' id='word_1_290' title='bbox 1334 3964 1396 4017; x_wconf 90' lang='lat' dir='ltr'><strong>in</strong></span> <span class='ocrx_word' id='word_1_291' title='bbox 1449 3978 1577 4014; x_wconf 86' lang='lat' dir='ltr'><strong>ann.</strong></span> <span class='ocrx_word' id='word_1_292' title='bbox 1632 3958 1870 4014; x_wconf 77' lang='lat' dir='ltr'><strong>Journal</strong></span> <span class='ocrx_word' id='word_1_293' title='bbox 1924 3959 2235 4028; x_wconf 75' lang='lat' dir='ltr'><strong>Asiatiquc.</strong></span> <span class='ocrx_word' id='word_1_294' title='bbox 2283 3962 2333 4013; x_wconf 87' lang='lat'><strong>5.</strong></span> <span class='ocrx_word' id='word_1_295' title='bbox 2355 3967 2472 4013; x_wconf 67' lang='lat' dir='ltr'><strong>ser.</strong></span> <span class='ocrx_word' id='word_1_296' title='bbox 2508 3965 2549 4013; x_wconf 85' lang='lat' dir='ltr'><strong>t.</strong></span> <span class='ocrx_word' id='word_1_297' title='bbox 2588 3958 2694 4013; x_wconf 89' lang='lat' dir='ltr'><strong>IV.</strong></span> <span class='ocrx_word' id='word_1_298' title='bbox 2706 3933 2765 4029; x_wconf 59' lang='lat'><strong>11¹</strong></span> 
     </span>
     <span class='ocr_line' id='line_1_36' title="bbox 393 4046 2694 4119; baseline -0.001 -16"><span class='ocrx_word' id='word_1_299' title='bbox 393 4048 584 4117; x_wconf 74' lang='lat' dir='ltr'><strong>(Paris</strong></span> <span class='ocrx_word' id='word_1_300' title='bbox 603 4050 786 4117; x_wconf 79' lang='grc'><em>1854.)</em></span> <span class='ocrx_word' id='word_1_301' title='bbox 821 4066 872 4118; x_wconf 91' lang='lat' dir='ltr'><strong>p.</strong></span> <span class='ocrx_word' id='word_1_302' title='bbox 918 4050 1020 4102; x_wconf 83' lang='lat'><strong>185</strong></span> <span class='ocrx_word' id='word_1_303' title='bbox 1062 4066 1179 4119; x_wconf 87' lang='lat' dir='ltr'><strong>sqq.</strong></span> <span class='ocrx_word' id='word_1_304' title='bbox 1219 4048 1294 4103; x_wconf 86' lang='lat' dir='ltr'><strong>cl.</strong></span> <span class='ocrx_word' id='word_1_305' title='bbox 1347 4048 1674 4103; x_wconf 82' lang='lat' dir='ltr'><strong>tholsohn</strong></span> <span class='ocrx_word' id='word_1_306' title='bbox 1710 4048 1824 4102; x_wconf 80' lang='lat' dir='ltr'><strong>,Die</strong></span> <span class='ocrx_word' id='word_1_307' title='bbox 1842 4047 2064 4102; x_wconf 77' lang='lat' dir='ltr'><strong>Ssabier</strong></span> <span class='ocrx_word' id='word_1_308' title='bbox 2100 4046 2216 4101; x_wconf 78' lang='lat' dir='ltr'><strong>und</strong></span> <span class='ocrx_word' id='word_1_309' title='bbox 2237 4046 2332 4101; x_wconf 79' lang='lat' dir='ltr'><strong>dor</strong></span> <span class='ocrx_word' id='word_1_310' title='bbox 2366 4046 2694 4101; x_wconf 75' lang='lat' dir='ltr'><strong>Ssabismus.</strong></span> 
     </span>
     <span class='ocr_line' id='line_1_37' title="bbox 392 4135 2694 4207; baseline -0.002 -16"><span class='ocrx_word' id='word_1_311' title='bbox 392 4136 470 4191; x_wconf 79' lang='lat' dir='ltr'><strong>St.</strong></span> <span class='ocrx_word' id='word_1_312' title='bbox 499 4136 822 4207; x_wconf 72' lang='lat' dir='ltr'><strong>Petersbury</strong></span> <span class='ocrx_word' id='word_1_313' title='bbox 844 4140 998 4192; x_wconf 80' lang='lat'><strong>1856.</strong></span> <span class='ocrx_word' id='word_1_314' title='bbox 1037 4137 1077 4190; x_wconf 93' lang='grc' dir='ltr'><strong>Ι.</strong></span> <span class='ocrx_word' id='word_1_315' title='bbox 1102 4154 1154 4206; x_wconf 92' lang='lat' dir='ltr'><strong>p.</strong></span> <span class='ocrx_word' id='word_1_316' title='bbox 1179 4137 1283 4190; x_wconf 78' lang='lat'><strong>787</strong></span> <span class='ocrx_word' id='word_1_317' title='bbox 1312 4154 1428 4207; x_wconf 89' lang='lat' dir='ltr'><strong>sqq.</strong></span> <span class='ocrx_word' id='word_1_318' title='bbox 1457 4136 1657 4191; x_wconf 89' lang='lat' dir='ltr'><strong>molem</strong></span> <span class='ocrx_word' id='word_1_319' title='bbox 1682 4135 1958 4205; x_wconf 83' lang='lat' dir='ltr'><strong>quandam</strong></span> <span class='ocrx_word' id='word_1_320' title='bbox 1984 4136 2319 4204; x_wconf 88' lang='lat' dir='ltr'><strong>scriptorum</strong></span> <span class='ocrx_word' id='word_1_321' title='bbox 2346 4135 2694 4189; x_wconf 85' lang='lat' dir='ltr'><strong>arabicorum</strong></span> 
     </span>
     <span class='ocr_line' id='line_1_38' title="bbox 393 4223 2695 4295; baseline 0 -18"><span class='ocrx_word' id='word_1_322' title='bbox 393 4224 462 4277; x_wconf 88' lang='lat' dir='ltr'><strong>de</strong></span> <span class='ocrx_word' id='word_1_323' title='bbox 488 4223 750 4277; x_wconf 84' lang='lat' dir='ltr'><strong>Hermete</strong></span> <span class='ocrx_word' id='word_1_324' title='bbox 783 4224 1034 4279; x_wconf 87' lang='lat' dir='ltr'><strong>locorum</strong></span> <span class='ocrx_word' id='word_1_325' title='bbox 1067 4227 1344 4295; x_wconf 83' lang='lat' dir='ltr'><strong>congessit</strong></span> <span class='ocrx_word' id='word_1_326' title='bbox 1363 4228 1480 4279; x_wconf 83' lang='lat' dir='ltr'><strong>tam</strong></span> <span class='ocrx_word' id='word_1_327' title='bbox 1517 4241 1775 4295; x_wconf 83' lang='lat' dir='ltr'><strong>magnam</strong></span> <span class='ocrx_word' id='word_1_328' title='bbox 1812 4242 1978 4294; x_wconf 88' lang='lat' dir='ltr'><strong>quam</strong></span> <span class='ocrx_word' id='word_1_329' title='bbox 2003 4223 2195 4278; x_wconf 83' lang='lat' dir='ltr'><strong>rudem</strong></span> <span class='ocrx_word' id='word_1_330' title='bbox 2238 4223 2695 4293; x_wconf 83' lang='lat' dir='ltr'><strong>indigestamque.</strong></span> 
     </span>
    </p>

    <p class='ocr_par' dir='ltr' id='par_1_8' title="bbox 387 4310 2695 4565">
     <span class='ocr_line' id='line_1_39' title="bbox 599 4310 2694 4383; baseline 0 -18"><span class='ocrx_word' id='word_1_331' title='bbox 599 4313 621 4345; x_wconf 78' lang='lat'>³</span> <span class='ocrx_word' id='word_1_332' title='bbox 658 4312 803 4367; x_wconf 87' lang='lat' dir='ltr'><strong>Hist.</strong></span> <span class='ocrx_word' id='word_1_333' title='bbox 837 4311 1123 4381; x_wconf 89' lang='lat' dir='ltr'><strong>compend.</strong></span> <span class='ocrx_word' id='word_1_334' title='bbox 1169 4313 1394 4383; x_wconf 76' lang='lat' dir='ltr'><strong>Dynast.</strong></span> <span class='ocrx_word' id='word_1_335' title='bbox 1435 4312 1591 4367; x_wconf 87' lang='lat' dir='ltr'><strong>auth.</strong></span> <span class='ocrx_word' id='word_1_336' title='bbox 1632 4312 1796 4381; x_wconf 84' lang='lat' dir='ltr'><strong>Greg.</strong></span> <span class='ocrx_word' id='word_1_337' title='bbox 1837 4312 2289 4381; x_wconf 80' lang='lat' dir='ltr'><strong>Abul-PharajiO.</strong></span> <span class='ocrx_word' id='word_1_338' title='bbox 2328 4310 2411 4365; x_wconf 89' lang='lat' dir='ltr'><strong>ed.</strong></span> <span class='ocrx_word' id='word_1_339' title='bbox 2446 4310 2694 4373; x_wconf 80' lang='lat' dir='ltr'><strong>Pococke</strong></span> 
     </span>
     <span class='ocr_line' id='line_1_40' title="bbox 389 4399 2695 4474; baseline 0 -19"><span class='ocrx_word' id='word_1_340' title='bbox 389 4400 563 4455; x_wconf 82' lang='lat' dir='ltr'><strong>Oxou.</strong></span> <span class='ocrx_word' id='word_1_341' title='bbox 604 4400 758 4456; x_wconf 80' lang='lat'><strong>1663.</strong></span> <span class='ocrx_word' id='word_1_342' title='bbox 821 4419 874 4470; x_wconf 89' lang='lat' dir='ltr'><strong>p.</strong></span> <span class='ocrx_word' id='word_1_343' title='bbox 916 4404 998 4469; x_wconf 90' lang='lat'><strong>10,</strong></span> <span class='ocrx_word' id='word_1_344' title='bbox 1046 4400 1081 4456; x_wconf 91' lang='lat'><strong>1.</strong></span> <span class='ocrx_word' id='word_1_345' title='bbox 1121 4402 1155 4453; x_wconf 91' lang='lat'>2</span> <span class='ocrx_word' id='word_1_346' title='bbox 1219 4419 1366 4471; x_wconf 86' lang='lat' dir='ltr'><strong>sqq.;</strong></span> <span class='ocrx_word' id='word_1_347' title='bbox 1419 4403 1480 4455; x_wconf 92' lang='lat' dir='ltr'><strong>in</strong></span> <span class='ocrx_word' id='word_1_348' title='bbox 1541 4402 1755 4474; x_wconf 83' lang='lat' dir='ltr'><strong>syriaco</strong></span> <span class='ocrx_word' id='word_1_349' title='bbox 1808 4400 2067 4455; x_wconf 87' lang='lat' dir='ltr'><strong>chronico</strong></span> <span class='ocrx_word' id='word_1_350' title='bbox 2123 4430 2189 4439; x_wconf 90' lang='lat'><strong>-·</strong></span> <span class='ocrx_word' id='word_1_351' title='bbox 2242 4399 2367 4454; x_wconf 89' lang='lat' dir='ltr'><strong>edd.</strong></span> <span class='ocrx_word' id='word_1_352' title='bbox 2420 4400 2601 4453; x_wconf 88' lang='lat' dir='ltr'><strong>Bruns</strong></span> <span class='ocrx_word' id='word_1_353' title='bbox 2636 4402 2695 4455; x_wconf 82' lang='lat' dir='ltr'><strong>et</strong></span> 
     </span>
     <span class='ocr_line' id='line_1_41' title="bbox 387 4488 2460 4565; baseline -0.002 -19"><span class='ocrx_word' id='word_1_354' title='bbox 387 4488 588 4546; x_wconf 87' lang='lat' dir='ltr'><strong>Kirsch</strong></span> <span class='ocrx_word' id='word_1_355' title='bbox 622 4488 774 4560; x_wconf 87' lang='lat' dir='ltr'><strong>Lips.</strong></span> <span class='ocrx_word' id='word_1_356' title='bbox 815 4489 967 4545; x_wconf 82' lang='lat'><strong>1789.</strong></span> <span class='ocrx_word' id='word_1_357' title='bbox 1008 4508 1060 4559; x_wconf 89' lang='lat' dir='ltr'><strong>p.</strong></span> <span class='ocrx_word' id='word_1_358' title='bbox 1103 4491 1154 4558; x_wconf 85' lang='lat'><strong>5,</strong></span> <span class='ocrx_word' id='word_1_359' title='bbox 1189 4490 1224 4545; x_wconf 87' lang='lat' dir='ltr'><strong>l.</strong></span> <span class='ocrx_word' id='word_1_360' title='bbox 1269 4493 1331 4565; x_wconf 88' lang='grc'><strong>11</strong></span> <span class='ocrx_word' id='word_1_361' title='bbox 1369 4508 1488 4560; x_wconf 89' lang='lat' dir='ltr'><strong>sqq.</strong></span> <span class='ocrx_word' id='word_1_362' title='bbox 1547 4520 1609 4529; x_wconf 87' lang='lat'>-</span> <span class='ocrx_word' id='word_1_363' title='bbox 1646 4488 1795 4543; x_wconf 90' lang='lat' dir='ltr'><strong>idem</strong></span> <span class='ocrx_word' id='word_1_364' title='bbox 1830 4489 1973 4543; x_wconf 87' lang='lat' dir='ltr'><strong>illud</strong></span> <span class='ocrx_word' id='word_1_365' title='bbox 2014 4507 2126 4543; x_wconf 91' lang='lat' dir='ltr'><strong>non</strong></span> <span class='ocrx_word' id='word_1_366' title='bbox 2163 4488 2460 4543; x_wconf 83' lang='lat' dir='ltr'><strong>invenitur.</strong></span> 
     </span>
    </p>
   </div>
  </div>
 </body>
</html>
