<?xml version="1.0" encoding="UTF-8"?>
<!DOCTYPE html PUBLIC "-//W3C//DTD XHTML 1.0 Transitional//EN"
    "http://www.w3.org/TR/xhtml1/DTD/xhtml1-transitional.dtd">
<html xmlns="http://www.w3.org/1999/xhtml" xml:lang="en" lang="en">
 <head>
  <title>
</title>
<meta http-equiv="Content-Type" content="text/html;charset=utf-8" />
  <meta name='ocr-system' content='tesseract 3.04.00' />
  <meta name='ocr-capabilities' content='ocr_page ocr_carea ocr_par ocr_line ocrx_word'/>
</head>
<body>
  <div class='ocr_page' id='page_1' title='image "./hermetistrismeg00bardgoog_0009.png"; bbox 0 0 3099 5147; ppageno 0'>
   <div class='ocr_carea' id='block_1_1' title="bbox 1514 442 1609 502">
    <p class='ocr_par' dir='ltr' id='par_1_1' title="bbox 1514 442 1609 502">
     <span class='ocr_line' id='line_1_1' title="bbox 1514 442 1609 502; baseline 0.011 -1"><span class='ocrx_word' id='word_1_1' title='bbox 1514 442 1609 502; x_wconf 93' lang='lat'><strong>111</strong></span> 
     </span>
    </p>
   </div>
   <div class='ocr_carea' id='block_1_2' title="bbox 429 637 2747 1832">
    <p class='ocr_par' dir='ltr' id='par_1_2' title="bbox 429 637 2723 823">
     <span class='ocr_line' id='line_1_2' title="bbox 429 637 2723 730; baseline 0.002 -30"><span class='ocrx_word' id='word_1_2' title='bbox 429 642 623 702; x_wconf 90' lang='lat' dir='ltr'><strong>lutam</strong></span> <span class='ocrx_word' id='word_1_3' title='bbox 673 645 870 716; x_wconf 90' lang='lat' dir='ltr'><strong>velim,</strong></span> <span class='ocrx_word' id='word_1_4' title='bbox 934 652 1006 705; x_wconf 90' lang='lat' dir='ltr'><strong>ut</strong></span> <span class='ocrx_word' id='word_1_5' title='bbox 1056 637 1393 724; x_wconf 88' lang='lat' dir='ltr'><strong>exemplum</strong></span> <span class='ocrx_word' id='word_1_6' title='bbox 1455 645 1769 724; x_wconf 89' lang='lat' dir='ltr'><strong>Lipsiense</strong></span> <span class='ocrx_word' id='word_1_7' title='bbox 1819 667 1893 704; x_wconf 87' lang='lat' dir='ltr'><strong>ex</strong></span> <span class='ocrx_word' id='word_1_8' title='bbox 1942 647 2074 723; x_wconf 91' lang='lat' dir='ltr'><strong>ipso</strong></span> <span class='ocrx_word' id='word_1_9' title='bbox 2129 647 2401 724; x_wconf 86' lang='lat' dir='ltr'><strong>exemplo</strong></span> <span class='ocrx_word' id='word_1_10' title='bbox 2454 647 2723 730; x_wconf 79' lang='lat' dir='ltr'><strong>Romano</strong></span> 
     </span>
     <span class='ocr_line' id='line_1_3' title="bbox 432 748 1498 823; baseline 0.004 -22"><span class='ocrx_word' id='word_1_11' title='bbox 432 748 896 823; x_wconf 85' lang='lat' dir='ltr'><strong>transscriptum</strong></span> <span class='ocrx_word' id='word_1_12' title='bbox 947 768 1074 806; x_wconf 87' lang='lat' dir='ltr'><strong>esse</strong></span> <span class='ocrx_word' id='word_1_13' title='bbox 1126 752 1436 808; x_wconf 84' lang='lat' dir='ltr'><strong>statuatur</strong></span> <span class='ocrx_word' id='word_1_14' title='bbox 1459 748 1498 805; x_wconf 85' lang='lat'><strong>¹.</strong></span> 
     </span>
    </p>

    <p class='ocr_par' dir='ltr' id='par_1_3' title="bbox 431 845 2747 1614">
     <span class='ocr_line' id='line_1_4' title="bbox 631 845 2723 925; baseline 0 -19"><span class='ocrx_word' id='word_1_15' title='bbox 631 845 883 906; x_wconf 75' lang='lat' dir='ltr'>Praeter</span> <span class='ocrx_word' id='word_1_16' title='bbox 955 848 1184 906; x_wconf 87' lang='lat' dir='ltr'><strong>codices</strong></span> <span class='ocrx_word' id='word_1_17' title='bbox 1246 847 1583 906; x_wconf 87' lang='lat' dir='ltr'><strong>Romanum</strong></span> <span class='ocrx_word' id='word_1_18' title='bbox 1660 851 1724 905; x_wconf 86' lang='lat' dir='ltr'><strong>et</strong></span> <span class='ocrx_word' id='word_1_19' title='bbox 1773 846 2143 925; x_wconf 89' lang='lat' dir='ltr'><strong>Lipsiensem</strong></span> <span class='ocrx_word' id='word_1_20' title='bbox 2204 850 2269 906; x_wconf 90' lang='lat' dir='ltr'><strong>in</strong></span> <span class='ocrx_word' id='word_1_21' title='bbox 2334 846 2723 906; x_wconf 81' lang='lat' dir='ltr'><strong>bibliothecis</strong></span> 
     </span>
     <span class='ocr_line' id='line_1_5' title="bbox 431 947 2717 1026; baseline 0 -21"><span class='ocrx_word' id='word_1_22' title='bbox 431 950 744 1024; x_wconf 75' lang='lat' dir='ltr'><strong>europaeis</strong></span> <span class='ocrx_word' id='word_1_23' title='bbox 814 953 1104 1025; x_wconf 87' lang='lat' dir='ltr'><strong>quantum</strong></span> <span class='ocrx_word' id='word_1_24' title='bbox 1157 950 1277 1006; x_wconf 89' lang='lat' dir='ltr'><strong>scio</strong></span> <span class='ocrx_word' id='word_1_25' title='bbox 1342 950 1606 1026; x_wconf 82' lang='lat' dir='ltr'><strong>quinque</strong></span> <span class='ocrx_word' id='word_1_26' title='bbox 1657 951 1901 1008; x_wconf 87' lang='lat' dir='ltr'><strong>exstant</strong></span> <span class='ocrx_word' id='word_1_27' title='bbox 1972 948 2114 1006; x_wconf 82' lang='lat' dir='ltr'><strong>libri</strong></span> <span class='ocrx_word' id='word_1_28' title='bbox 2179 949 2373 1006; x_wconf 88' lang='lat' dir='ltr'><strong>nostri</strong></span> <span class='ocrx_word' id='word_1_29' title='bbox 2425 947 2717 1025; x_wconf 88' lang='lat' dir='ltr'><strong>exempla.</strong></span> 
     </span>
     <span class='ocr_line' id='line_1_6' title="bbox 432 1037 2724 1126; baseline 0 -20"><span class='ocrx_word' id='word_1_30' title='bbox 432 1047 566 1106; x_wconf 91' lang='lat' dir='ltr'><strong>Duo</strong></span> <span class='ocrx_word' id='word_1_31' title='bbox 620 1054 684 1106; x_wconf 90' lang='lat' dir='ltr'><strong>et</strong></span> <span class='ocrx_word' id='word_1_32' title='bbox 733 1050 866 1126; x_wconf 88' lang='lat' dir='ltr'><strong>ipsa</strong></span> <span class='ocrx_word' id='word_1_33' title='bbox 913 1037 1128 1108; x_wconf 78' lang='lat' dir='ltr'><strong>mutila</strong></span> <span class='ocrx_word' id='word_1_34' title='bbox 1178 1054 1338 1120; x_wconf 86' lang='lat' dir='ltr'><strong>sunt,</strong></span> <span class='ocrx_word' id='word_1_35' title='bbox 1391 1067 1649 1126; x_wconf 88' lang='lat' dir='ltr'><strong>quorum</strong></span> <span class='ocrx_word' id='word_1_36' title='bbox 1714 1047 1973 1106; x_wconf 88' lang='lat' dir='ltr'><strong>alterum</strong></span> <span class='ocrx_word' id='word_1_37' title='bbox 2042 1050 2104 1106; x_wconf 93' lang='lat' dir='ltr'><strong>in</strong></span> <span class='ocrx_word' id='word_1_38' title='bbox 2157 1049 2527 1108; x_wconf 88' lang='lat' dir='ltr'><strong>bibliotheca</strong></span> <span class='ocrx_word' id='word_1_39' title='bbox 2594 1051 2724 1106; x_wconf 88' lang='lat' dir='ltr'><strong>uni·</strong></span> 
     </span>
     <span class='ocr_line' id='line_1_7' title="bbox 431 1148 2724 1227; baseline 0 -19"><span class='ocrx_word' id='word_1_40' title='bbox 431 1150 738 1208; x_wconf 72' lang='lat' dir='ltr'><strong>versitatis</strong></span> <span class='ocrx_word' id='word_1_41' title='bbox 780 1150 1148 1227; x_wconf 86' lang='lat' dir='ltr'><strong>Upsaliensis</strong></span> <span class='ocrx_word' id='word_1_42' title='bbox 1199 1181 1293 1190; x_wconf 91' lang='lat'>—</span> <span class='ocrx_word' id='word_1_43' title='bbox 1342 1151 1504 1208; x_wconf 89' lang='lat' dir='ltr'><strong>inter</strong></span> <span class='ocrx_word' id='word_1_44' title='bbox 1554 1148 1723 1208; x_wconf 87' lang='lat' dir='ltr'><strong>codd.</strong></span> <span class='ocrx_word' id='word_1_45' title='bbox 1778 1149 1969 1219; x_wconf 87' lang='lat' dir='ltr'><strong>arab.,</strong></span> <span class='ocrx_word' id='word_1_46' title='bbox 2022 1169 2202 1226; x_wconf 69' lang='lat' dir='ltr'><strong>pers„</strong></span> <span class='ocrx_word' id='word_1_47' title='bbox 2256 1154 2408 1208; x_wconf 90' lang='lat' dir='ltr'><strong>turc.</strong></span> <span class='ocrx_word' id='word_1_48' title='bbox 2458 1170 2517 1206; x_wconf 90' lang='lat' dir='ltr'><strong>n.</strong></span> <span class='ocrx_word' id='word_1_49' title='bbox 2560 1151 2724 1208; x_wconf 78' lang='lat'><strong>489.</strong></span> 
     </span>
     <span class='ocr_line' id='line_1_8' title="bbox 431 1246 2747 1327; baseline 0.001 -21"><span class='ocrx_word' id='word_1_50' title='bbox 431 1249 538 1308; x_wconf 86' lang='lat' dir='ltr'><strong>fol.</strong></span> <span class='ocrx_word' id='word_1_51' title='bbox 601 1246 724 1306; x_wconf 67' lang='lat'><strong>76¹¹</strong></span> <span class='ocrx_word' id='word_1_52' title='bbox 787 1271 918 1327; x_wconf 90' lang='lat' dir='ltr'><strong>sqq.</strong></span> <span class='ocrx_word' id='word_1_53' title='bbox 969 1285 1070 1296; x_wconf 90' lang='lat'><strong>--</strong></span> <span class='ocrx_word' id='word_1_54' title='bbox 1119 1256 1481 1321; x_wconf 79' lang='lat' dir='ltr'><strong>asservatur,</strong></span> <span class='ocrx_word' id='word_1_55' title='bbox 1554 1250 1814 1309; x_wconf 91' lang='lat' dir='ltr'><strong>alterum</strong></span> <span class='ocrx_word' id='word_1_56' title='bbox 1874 1252 1937 1306; x_wconf 89' lang='lat' dir='ltr'><strong>in</strong></span> <span class='ocrx_word' id='word_1_57' title='bbox 1974 1248 2341 1309; x_wconf 90' lang='lat' dir='ltr'><strong>bibliotheca</strong></span> <span class='ocrx_word' id='word_1_58' title='bbox 2393 1249 2747 1308; x_wconf 71' lang='lat' dir='ltr'><strong>academica·</strong></span> 
     </span>
     <span class='ocr_line' id='line_1_9' title="bbox 433 1349 2725 1428; baseline 0 -20"><span class='ocrx_word' id='word_1_59' title='bbox 433 1349 736 1410; x_wconf 89' lang='lat' dir='ltr'><strong>Bonnensi</strong></span> <span class='ocrx_word' id='word_1_60' title='bbox 764 1353 1086 1422; x_wconf 89' lang='lat' dir='ltr'><strong>invenitur,</strong></span> <span class='ocrx_word' id='word_1_61' title='bbox 1138 1354 1202 1410; x_wconf 91' lang='lat' dir='ltr'><strong>in</strong></span> <span class='ocrx_word' id='word_1_62' title='bbox 1253 1371 1428 1428; x_wconf 83' lang='lat' dir='ltr'><strong>quam</strong></span> <span class='ocrx_word' id='word_1_63' title='bbox 1470 1353 1707 1410; x_wconf 87' lang='lat' dir='ltr'><strong>illatum</strong></span> <span class='ocrx_word' id='word_1_64' title='bbox 1752 1355 1847 1408; x_wconf 89' lang='lat' dir='ltr'><strong>est</strong></span> <span class='ocrx_word' id='word_1_65' title='bbox 1897 1371 1971 1408; x_wconf 88' lang='lat' dir='ltr'><strong>ex</strong></span> <span class='ocrx_word' id='word_1_66' title='bbox 2022 1350 2227 1426; x_wconf 86' lang='lat' dir='ltr'><strong>legato</strong></span> <span class='ocrx_word' id='word_1_67' title='bbox 2256 1350 2532 1422; x_wconf 85' lang='lat' dir='ltr'><strong>Scholzii,</strong></span> <span class='ocrx_word' id='word_1_68' title='bbox 2585 1371 2725 1428; x_wconf 90' lang='lat' dir='ltr'><strong>pro-</strong></span> 
     </span>
     <span class='ocr_line' id='line_1_10' title="bbox 434 1451 2725 1529; baseline 0.001 -21"><span class='ocrx_word' id='word_1_69' title='bbox 434 1451 680 1510; x_wconf 84' lang='lat' dir='ltr'><strong>fessoris</strong></span> <span class='ocrx_word' id='word_1_70' title='bbox 775 1453 920 1510; x_wconf 90' lang='lat' dir='ltr'><strong>olim</strong></span> <span class='ocrx_word' id='word_1_71' title='bbox 993 1455 1058 1510; x_wconf 91' lang='lat' dir='ltr'><strong>in</strong></span> <span class='ocrx_word' id='word_1_72' title='bbox 1107 1453 1219 1513; x_wconf 86' lang='lat' dir='ltr'><strong>hac</strong></span> <span class='ocrx_word' id='word_1_73' title='bbox 1285 1454 1683 1512; x_wconf 81' lang='lat' dir='ltr'><strong>universitate</strong></span> <span class='ocrx_word' id='word_1_74' title='bbox 1751 1452 2138 1522; x_wconf 85' lang='lat' dir='ltr'><strong>meritissimi,</strong></span> <span class='ocrx_word' id='word_1_75' title='bbox 2213 1454 2317 1529; x_wconf 91' lang='lat' dir='ltr'><strong>qui</strong></span> <span class='ocrx_word' id='word_1_76' title='bbox 2376 1452 2599 1511; x_wconf 89' lang='lat' dir='ltr'><strong>librum</strong></span> <span class='ocrx_word' id='word_1_77' title='bbox 2653 1472 2725 1510; x_wconf 86' lang='lat' dir='ltr'><strong>ex</strong></span> 
     </span>
     <span class='ocr_line' id='line_1_11' title="bbox 431 1554 1305 1614; baseline 0.002 -5"><span class='ocrx_word' id='word_1_78' title='bbox 431 1554 650 1610; x_wconf 90' lang='lat' dir='ltr'><strong>itinere</strong></span> <span class='ocrx_word' id='word_1_79' title='bbox 703 1554 985 1612; x_wconf 80' lang='lat' dir='ltr'><strong>orientali</strong></span> <span class='ocrx_word' id='word_1_80' title='bbox 1040 1555 1305 1614; x_wconf 80' lang='lat' dir='ltr'><strong>advexit.</strong></span> 
     </span>
    </p>

    <p class='ocr_par' dir='ltr' id='par_1_4' title="bbox 433 1607 2727 1832">
     <span class='ocr_line' id='line_1_12' title="bbox 439 1607 2727 1732; baseline -0.002 -16"><span class='ocrx_word' id='word_1_81' title='bbox 439 1711 446 1716; x_wconf 92' lang='lat'><strong>.</strong></span> <span class='ocrx_word' id='word_1_82' title='bbox 623 1651 828 1730; x_wconf 86' lang='lat' dir='ltr'><strong>Atque</strong></span> <span class='ocrx_word' id='word_1_83' title='bbox 877 1653 1029 1712; x_wconf 91' lang='lat' dir='ltr'><strong>illud</strong></span> <span class='ocrx_word' id='word_1_84' title='bbox 1081 1653 1320 1732; x_wconf 89' lang='lat' dir='ltr'><strong>quidem</strong></span> <span class='ocrx_word' id='word_1_85' title='bbox 1370 1655 1512 1714; x_wconf 85' lang='lat' dir='ltr'><strong>solis</strong></span> <span class='ocrx_word' id='word_1_86' title='bbox 1564 1654 1922 1729; x_wconf 82' lang='lat' dir='ltr'><strong>fragmentis</strong></span> <span class='ocrx_word' id='word_1_87' title='bbox 1974 1607 2232 1712; x_wconf 83' lang='lat' dir='ltr'><strong>constat.</strong></span> <span class='ocrx_word' id='word_1_88' title='bbox 2318 1653 2382 1712; x_wconf 58' lang='grc'><strong>141</strong></span> <span class='ocrx_word' id='word_1_89' title='bbox 2420 1659 2727 1727; x_wconf 75' lang='lat' dir='ltr'><strong>quattuor·</strong></span> 
     </span>
     <span class='ocr_line' id='line_1_13' title="bbox 433 1752 2725 1832; baseline -0.002 -16"><span class='ocrx_word' id='word_1_90' title='bbox 433 1756 620 1816; x_wconf 78' lang='lat' dir='ltr'><strong>decim</strong></span> <span class='ocrx_word' id='word_1_91' title='bbox 659 1759 952 1830; x_wconf 76' lang='lat' dir='ltr'><strong>capitibus</strong></span> <span class='ocrx_word' id='word_1_92' title='bbox 993 1762 1062 1814; x_wconf 91' lang='lat' dir='ltr'><strong>ut</strong></span> <span class='ocrx_word' id='word_1_93' title='bbox 1112 1757 1203 1816; x_wconf 86' lang='lat' dir='ltr'><strong>ait</strong></span> <span class='ocrx_word' id='word_1_94' title='bbox 1255 1754 1572 1832; x_wconf 87' lang='lat' dir='ltr'><strong>Tornberg</strong></span> <span class='ocrx_word' id='word_1_95' title='bbox 1624 1752 1811 1813; x_wconf 89' lang='lat' dir='ltr'><strong>Codd.</strong></span> <span class='ocrx_word' id='word_1_96' title='bbox 1880 1753 2069 1823; x_wconf 66' lang='lat' dir='ltr'><strong>arab„</strong></span> <span class='ocrx_word' id='word_1_97' title='bbox 2135 1773 2317 1830; x_wconf 67' lang='lat' dir='ltr'><strong>pers„</strong></span> <span class='ocrx_word' id='word_1_98' title='bbox 2364 1759 2519 1812; x_wconf 84' lang='lat' dir='ltr'><strong>turc.</strong></span> <span class='ocrx_word' id='word_1_99' title='bbox 2572 1755 2725 1814; x_wconf 90' lang='lat' dir='ltr'><strong>bibl.</strong></span> 
     </span>
    </p>
   </div>
   <div class='ocr_carea' id='block_1_3' title="bbox 431 1856 2806 2118">
    <p class='ocr_par' dir='ltr' id='par_1_5' title="bbox 431 1856 2806 2118">
     <span class='ocr_line' id='line_1_14' title="bbox 435 1856 2806 1950; baseline 0.001 -37"><span class='ocrx_word' id='word_1_100' title='bbox 435 1859 694 1914; x_wconf 88' lang='lat' dir='ltr'><strong>univers.</strong></span> <span class='ocrx_word' id='word_1_101' title='bbox 750 1856 959 1934; x_wconf 87' lang='lat' dir='ltr'><strong>Upsal.</strong></span> <span class='ocrx_word' id='word_1_102' title='bbox 1005 1856 1152 1936; x_wconf 89' lang='lat' dir='ltr'><strong>Ups.</strong></span> <span class='ocrx_word' id='word_1_103' title='bbox 1215 1857 1426 1915; x_wconf 84' lang='lat'><strong>1849.</strong></span> <span class='ocrx_word' id='word_1_104' title='bbox 1481 1877 1542 1933; x_wconf 91' lang='lat' dir='ltr'><strong>p.</strong></span> <span class='ocrx_word' id='word_1_105' title='bbox 1577 1857 1715 1915; x_wconf 85' lang='lat'><strong>312</strong></span> <span class='ocrx_word' id='word_1_106' title='bbox 1772 1859 1889 1916; x_wconf 79' lang='lat' dir='ltr'><strong>duo</strong></span> <span class='ocrx_word' id='word_1_107' title='bbox 1912 1857 2079 1916; x_wconf 83' lang='lat' dir='ltr'><strong>modo</strong></span> <span class='ocrx_word' id='word_1_108' title='bbox 2099 1858 2316 1930; x_wconf 75' lang='lat' dir='ltr'><strong>prima,</strong></span> <span class='ocrx_word' id='word_1_109' title='bbox 2361 1873 2511 1928; x_wconf 79' lang='lat' dir='ltr'><strong>pars</strong></span> <span class='ocrx_word' id='word_1_110' title='bbox 2523 1859 2729 1928; x_wconf 76' lang='lat' dir='ltr'><strong>prima</strong></span> <span class='ocrx_word' id='word_1_111' title='bbox 2794 1939 2806 1950; x_wconf 38' lang='lat'><strong><em>‘</em></strong></span> 
     </span>
     <span class='ocr_line' id='line_1_15' title="bbox 433 1948 2728 2023; baseline -0.001 -15"><span class='ocrx_word' id='word_1_112' title='bbox 433 1952 592 2008; x_wconf 77' lang='lat' dir='ltr'><strong>tertii·</strong></span> <span class='ocrx_word' id='word_1_113' title='bbox 617 1953 672 2008; x_wconf 79' lang='lat' dir='ltr'><strong>et</strong></span> <span class='ocrx_word' id='word_1_114' title='bbox 693 1949 899 2010; x_wconf 75' lang='lat' dir='ltr'><strong>ultima</strong></span> <span class='ocrx_word' id='word_1_115' title='bbox 911 1953 1078 2020; x_wconf 69' lang='lat' dir='ltr'><strong>sexti,</strong></span> <span class='ocrx_word' id='word_1_116' title='bbox 1107 1951 1434 2022; x_wconf 76' lang='lat' dir='ltr'><strong>septimum,</strong></span> <span class='ocrx_word' id='word_1_117' title='bbox 1466 1953 1747 2018; x_wconf 76' lang='lat' dir='ltr'><strong>octavum,</strong></span> <span class='ocrx_word' id='word_1_118' title='bbox 1776 1967 1992 2008; x_wconf 75' lang='lat' dir='ltr'><strong>nonum</strong></span> <span class='ocrx_word' id='word_1_119' title='bbox 2022 1955 2076 2008; x_wconf 73' lang='lat' dir='ltr'><strong>et</strong></span> <span class='ocrx_word' id='word_1_120' title='bbox 2098 1968 2248 2023; x_wconf 78' lang='lat' dir='ltr'><strong>pars</strong></span> <span class='ocrx_word' id='word_1_121' title='bbox 2268 1950 2475 2008; x_wconf 76' lang='lat' dir='ltr'><strong>decimi</strong></span> <span class='ocrx_word' id='word_1_122' title='bbox 2494 1948 2728 2008; x_wconf 78' lang='lat' dir='ltr'><strong>adsunt.</strong></span> 
     </span>
     <span class='ocr_line' id='line_1_16' title="bbox 431 2039 2573 2118; baseline 0 -20"><span class='ocrx_word' id='word_1_123' title='bbox 431 2040 633 2098; x_wconf 74' lang='lat' dir='ltr'><strong>Plura&#39;</strong></span> <span class='ocrx_word' id='word_1_124' title='bbox 668 2061 848 2118; x_wconf 89' lang='lat' dir='ltr'><strong>quam</strong></span> <span class='ocrx_word' id='word_1_125' title='bbox 899 2061 1052 2118; x_wconf 89' lang='lat' dir='ltr'><strong>quae</strong></span> <span class='ocrx_word' id='word_1_126' title='bbox 1103 2040 1414 2118; x_wconf 83' lang='lat' dir='ltr'><strong>catalogus</strong></span> <span class='ocrx_word' id='word_1_127' title='bbox 1459 2039 1707 2116; x_wconf 86' lang='lat' dir='ltr'><strong>exhibet</strong></span> <span class='ocrx_word' id='word_1_128' title='bbox 1757 2040 1831 2098; x_wconf 89' lang='lat' dir='ltr'><strong>de</strong></span> <span class='ocrx_word' id='word_1_129' title='bbox 1884 2041 2083 2099; x_wconf 87' lang='lat' dir='ltr'><strong>codice</strong></span> <span class='ocrx_word' id='word_1_130' title='bbox 2128 2062 2248 2099; x_wconf 91' lang='lat' dir='ltr'><strong>non</strong></span> <span class='ocrx_word' id='word_1_131' title='bbox 2291 2039 2573 2117; x_wconf 89' lang='lat' dir='ltr'><strong>comperi.</strong></span> 
     </span>
    </p>
   </div>
   <div class='ocr_carea' id='block_1_4' title="bbox 432 2139 2731 3026">
    <p class='ocr_par' dir='ltr' id='par_1_6' title="bbox 432 2139 2731 3026">
     <span class='ocr_line' id='line_1_17' title="bbox 537 2139 2727 2219; baseline -0.001 -19"><span class='ocrx_word' id='word_1_132' title='bbox 537 2172 547 2182; x_wconf 89' lang='lat'><strong>·</strong></span> <span class='ocrx_word' id='word_1_133' title='bbox 635 2141 762 2200; x_wconf 90' lang='lat' dir='ltr'><strong>Hoc</strong></span> <span class='ocrx_word' id='word_1_134' title='bbox 838 2142 1015 2219; x_wconf 88' lang='lat' dir='ltr'><strong>plura</strong></span> <span class='ocrx_word' id='word_1_135' title='bbox 1084 2140 1337 2219; x_wconf 82' lang='lat' dir='ltr'><strong>praebet</strong></span> <span class='ocrx_word' id='word_1_136' title='bbox 1411 2140 1690 2216; x_wconf 89' lang='lat' dir='ltr'><strong>idemque</strong></span> <span class='ocrx_word' id='word_1_137' title='bbox 1754 2139 1985 2219; x_wconf 84' lang='lat' dir='ltr'><strong>semper</strong></span> <span class='ocrx_word' id='word_1_138' title='bbox 2055 2147 2299 2218; x_wconf 88' lang='lat' dir='ltr'><strong>praesto</strong></span> <span class='ocrx_word' id='word_1_139' title='bbox 2361 2140 2551 2199; x_wconf 84' lang='lat' dir='ltr'><strong>mihi·</strong></span> <span class='ocrx_word' id='word_1_140' title='bbox 2587 2139 2727 2198; x_wconf 88' lang='lat' dir='ltr'><strong>fuit.</strong></span> 
     </span>
     <span class='ocr_line' id='line_1_18' title="bbox 435 2239 2729 2302; baseline 0 -2"><span class='ocrx_word' id='word_1_141' title='bbox 435 2241 523 2302; x_wconf 85' lang='lat' dir='ltr'><strong>De</strong></span> <span class='ocrx_word' id='word_1_142' title='bbox 587 2263 657 2300; x_wconf 84' lang='lat' dir='ltr'><strong>eo</strong></span> <span class='ocrx_word' id='word_1_143' title='bbox 727 2242 974 2302; x_wconf 83' lang='lat' dir='ltr'><strong>verbum</strong></span> <span class='ocrx_word' id='word_1_144' title='bbox 1052 2242 1197 2300; x_wconf 76' lang='lat' dir='ltr'><strong>fecit</strong></span> <span class='ocrx_word' id='word_1_145' title='bbox 1266 2240 1338 2299; x_wconf 89' lang='lat' dir='ltr'><strong>V.</strong></span> <span class='ocrx_word' id='word_1_146' title='bbox 1406 2239 1500 2299; x_wconf 87' lang='lat' dir='ltr'><strong>Ill.</strong></span> <span class='ocrx_word' id='word_1_147' title='bbox 1569 2239 1981 2300; x_wconf 72' lang='lat' dir='ltr'><strong>Ginnnums&#39;rsx</strong></span> <span class='ocrx_word' id='word_1_148' title='bbox 2041 2244 2102 2298; x_wconf 90' lang='lat' dir='ltr'><strong>in</strong></span> <span class='ocrx_word' id='word_1_149' title='bbox 2178 2242 2381 2300; x_wconf 79' lang='lat' dir='ltr'><strong>annal.</strong></span> <span class='ocrx_word' id='word_1_150' title='bbox 2446 2241 2729 2300; x_wconf 69' lang='lat' dir='ltr'><strong>Zeitschr.</strong></span> 
     </span>
     <span class='ocr_line' id='line_1_19' title="bbox 437 2325 2731 2422; baseline -0.001 -18"><span class='ocrx_word' id='word_1_151' title='bbox 437 2347 545 2405; x_wconf 83' lang='lat' dir='ltr'><strong>der</strong></span> <span class='ocrx_word' id='word_1_152' title='bbox 591 2348 672 2405; x_wconf 91' lang='lat' dir='ltr'><strong>D.</strong></span> <span class='ocrx_word' id='word_1_153' title='bbox 716 2347 808 2404; x_wconf 83' lang='lat' dir='ltr'><strong>M.</strong></span> <span class='ocrx_word' id='word_1_154' title='bbox 847 2345 920 2406; x_wconf 75' lang='lat' dir='ltr'><strong>G.</strong></span> <span class='ocrx_word' id='word_1_155' title='bbox 974 2342 1198 2400; x_wconf 89' lang='lat' dir='ltr'><strong>XXIV.</strong></span> <span class='ocrx_word' id='word_1_156' title='bbox 1251 2365 1311 2422; x_wconf 90' lang='lat' dir='ltr'><strong>p.</strong></span> <span class='ocrx_word' id='word_1_157' title='bbox 1346 2343 1762 2411; x_wconf 86' lang='lat'><strong>706—707,</strong></span> <span class='ocrx_word' id='word_1_158' title='bbox 1817 2325 2003 2419; x_wconf 78' lang='lat' dir='ltr'><strong>quare</strong></span> <span class='ocrx_word' id='word_1_159' title='bbox 2030 2361 2220 2419; x_wconf 86' lang='lat' dir='ltr'><strong>pauca</strong></span> <span class='ocrx_word' id='word_1_160' title='bbox 2246 2342 2546 2402; x_wconf 82' lang='lat' dir='ltr'><strong>addidisse</strong></span> <span class='ocrx_word' id='word_1_161' title='bbox 2583 2344 2731 2402; x_wconf 90' lang='lat' dir='ltr'><strong>satis</strong></span> 
     </span>
     <span class='ocr_line' id='line_1_20' title="bbox 434 2442 2730 2522; baseline 0.001 -22"><span class='ocrx_word' id='word_1_162' title='bbox 434 2444 649 2503; x_wconf 87' lang='lat' dir='ltr'><strong>habeo.</strong></span> <span class='ocrx_word' id='word_1_163' title='bbox 753 2443 940 2521; x_wconf 86' lang='lat' dir='ltr'><strong>Signa</strong></span> <span class='ocrx_word' id='word_1_164' title='bbox 992 2444 1284 2503; x_wconf 84' lang='lat' dir='ltr'><strong>vocalium</strong></span> <span class='ocrx_word' id='word_1_165' title='bbox 1337 2448 1401 2500; x_wconf 91' lang='lat' dir='ltr'><strong>et</strong></span> <span class='ocrx_word' id='word_1_166' title='bbox 1437 2443 1859 2518; x_wconf 85' lang='lat' dir='ltr'><strong>geminationis</strong></span> <span class='ocrx_word' id='word_1_167' title='bbox 1900 2444 2201 2502; x_wconf 86' lang='lat' dir='ltr'><strong>rarissime</strong></span> <span class='ocrx_word' id='word_1_168' title='bbox 2227 2442 2453 2514; x_wconf 86' lang='lat' dir='ltr'><strong>addita,</strong></span> <span class='ocrx_word' id='word_1_169' title='bbox 2506 2449 2730 2522; x_wconf 86' lang='lat' dir='ltr'><strong>puncta</strong></span> 
     </span>
     <span class='ocr_line' id='line_1_21' title="bbox 435 2543 2728 2624; baseline 0 -20"><span class='ocrx_word' id='word_1_170' title='bbox 435 2545 744 2605; x_wconf 87' lang='lat' dir='ltr'><strong>diacritica</strong></span> <span class='ocrx_word' id='word_1_171' title='bbox 810 2566 948 2604; x_wconf 89' lang='lat' dir='ltr'><strong>raro</strong></span> <span class='ocrx_word' id='word_1_172' title='bbox 1013 2545 1253 2623; x_wconf 90' lang='lat' dir='ltr'><strong>quidem</strong></span> <span class='ocrx_word' id='word_1_173' title='bbox 1315 2543 1548 2613; x_wconf 89' lang='lat' dir='ltr'><strong>omissa,</strong></span> <span class='ocrx_word' id='word_1_174' title='bbox 1604 2548 1672 2603; x_wconf 88' lang='lat' dir='ltr'><strong>at</strong></span> <span class='ocrx_word' id='word_1_175' title='bbox 1734 2562 1912 2622; x_wconf 86' lang='lat' dir='ltr'><strong>saepe</strong></span> <span class='ocrx_word' id='word_1_176' title='bbox 1976 2544 2183 2624; x_wconf 87' lang='lat' dir='ltr'><strong>inepte</strong></span> <span class='ocrx_word' id='word_1_177' title='bbox 2242 2544 2519 2605; x_wconf 87' lang='lat' dir='ltr'><strong>adhibita</strong></span> <span class='ocrx_word' id='word_1_178' title='bbox 2569 2550 2728 2604; x_wconf 85' lang='lat' dir='ltr'><strong>sunt.</strong></span> 
     </span>
     <span class='ocr_line' id='line_1_22' title="bbox 434 2644 2729 2725; baseline 0.001 -22"><span class='ocrx_word' id='word_1_179' title='bbox 434 2646 706 2725; x_wconf 91' lang='lat' dir='ltr'><strong>Denique</strong></span> <span class='ocrx_word' id='word_1_180' title='bbox 733 2647 738 2653; x_wconf 80' lang='grc'><strong>’</strong></span> <span class='ocrx_word' id='word_1_181' title='bbox 765 2652 1046 2705; x_wconf 87' lang='lat' dir='ltr'><strong>exaratus</strong></span> <span class='ocrx_word' id='word_1_182' title='bbox 1074 2651 1168 2705; x_wconf 90' lang='lat' dir='ltr'><strong>est</strong></span> <span class='ocrx_word' id='word_1_183' title='bbox 1219 2646 1405 2705; x_wconf 85' lang='lat' dir='ltr'><strong>codex</strong></span> <span class='ocrx_word' id='word_1_184' title='bbox 1456 2665 1578 2703; x_wconf 90' lang='lat' dir='ltr'><strong>non</strong></span> <span class='ocrx_word' id='word_1_185' title='bbox 1629 2664 1665 2702; x_wconf 89' lang='lat' dir='ltr'><strong>a</strong></span> <span class='ocrx_word' id='word_1_186' title='bbox 1715 2647 1846 2703; x_wconf 89' lang='lat' dir='ltr'><strong>viro</strong></span> <span class='ocrx_word' id='word_1_187' title='bbox 1896 2644 2094 2717; x_wconf 72' lang='lat' dir='ltr'><strong>docto,</strong></span> <span class='ocrx_word' id='word_1_188' title='bbox 2142 2645 2246 2703; x_wconf 92' lang='lat' dir='ltr'><strong>sed</strong></span> <span class='ocrx_word' id='word_1_189' title='bbox 2282 2667 2317 2703; x_wconf 93' lang='lat' dir='ltr'><strong>a</strong></span> <span class='ocrx_word' id='word_1_190' title='bbox 2361 2649 2729 2705; x_wconf 88' lang='lat' dir='ltr'><strong>mercenario</strong></span> 
     </span>
     <span class='ocr_line' id='line_1_23' title="bbox 433 2746 2727 2825; baseline -0 -19"><span class='ocrx_word' id='word_1_191' title='bbox 433 2750 536 2825; x_wconf 91' lang='lat' dir='ltr'><strong>qui</strong></span> <span class='ocrx_word' id='word_1_192' title='bbox 589 2768 658 2806; x_wconf 91' lang='lat' dir='ltr'><strong>ea</strong></span> <span class='ocrx_word' id='word_1_193' title='bbox 712 2768 863 2825; x_wconf 88' lang='lat' dir='ltr'><strong>quae</strong></span> <span class='ocrx_word' id='word_1_194' title='bbox 915 2747 1401 2805; x_wconf 89' lang='lat' dir='ltr'><strong>transscribenda</strong></span> <span class='ocrx_word' id='word_1_195' title='bbox 1452 2750 1628 2803; x_wconf 87' lang='lat' dir='ltr'><strong>erant</strong></span> <span class='ocrx_word' id='word_1_196' title='bbox 1680 2766 1872 2823; x_wconf 90' lang='lat' dir='ltr'><strong>neque</strong></span> <span class='ocrx_word' id='word_1_197' title='bbox 1942 2752 2088 2809; x_wconf 88' lang='lat' dir='ltr'><strong>satis</strong></span> <span class='ocrx_word' id='word_1_198' title='bbox 2141 2746 2446 2805; x_wconf 84' lang='lat' dir='ltr'><strong>intellexit</strong></span> <span class='ocrx_word' id='word_1_199' title='bbox 2512 2753 2575 2805; x_wconf 91' lang='lat' dir='ltr'><strong>et</strong></span> <span class='ocrx_word' id='word_1_200' title='bbox 2625 2768 2727 2805; x_wconf 91' lang='lat' dir='ltr'><strong>ne-</strong></span> 
     </span>
     <span class='ocr_line' id='line_1_24' title="bbox 433 2846 2730 2929; baseline 0 -23"><span class='ocrx_word' id='word_1_201' title='bbox 433 2849 761 2925; x_wconf 85' lang='lat' dir='ltr'><strong>gligentius</strong></span> <span class='ocrx_word' id='word_1_202' title='bbox 826 2849 1163 2917; x_wconf 84' lang='lat' dir='ltr'><strong>transtulit,</strong></span> <span class='ocrx_word' id='word_1_203' title='bbox 1231 2850 1319 2905; x_wconf 88' lang='lat' dir='ltr'><strong>ita</strong></span> <span class='ocrx_word' id='word_1_204' title='bbox 1388 2852 1458 2905; x_wconf 89' lang='lat' dir='ltr'><strong>ut</strong></span> <span class='ocrx_word' id='word_1_205' title='bbox 1512 2846 1787 2905; x_wconf 90' lang='lat' dir='ltr'><strong>omnibus</strong></span> <span class='ocrx_word' id='word_1_206' title='bbox 1856 2848 2019 2929; x_wconf 79' lang='lat' dir='ltr'><strong>vitiis</strong></span> <span class='ocrx_word' id='word_1_207' title='bbox 2088 2852 2335 2906; x_wconf 85' lang='lat' dir='ltr'><strong>scateat.</strong></span> <span class='ocrx_word' id='word_1_208' title='bbox 2454 2847 2730 2909; x_wconf 86' lang='lat' dir='ltr'><strong>Fluxisse</strong></span> 
     </span>
     <span class='ocr_line' id='line_1_25' title="bbox 432 2945 2371 3026; baseline 0.001 -19"><span class='ocrx_word' id='word_1_209' title='bbox 432 2955 634 3007; x_wconf 89' lang='lat' dir='ltr'><strong>autem</strong></span> <span class='ocrx_word' id='word_1_210' title='bbox 685 2949 924 3007; x_wconf 87' lang='lat' dir='ltr'><strong>videtur</strong></span> <span class='ocrx_word' id='word_1_211' title='bbox 977 2968 1050 3008; x_wconf 91' lang='lat' dir='ltr'><strong>ex</strong></span> <span class='ocrx_word' id='word_1_212' title='bbox 1101 2948 1429 3026; x_wconf 82' lang='lat' dir='ltr'><strong>exemplari</strong></span> <span class='ocrx_word' id='word_1_213' title='bbox 1479 2948 1727 3023; x_wconf 83' lang='lat' dir='ltr'><strong>syriacis</strong></span> <span class='ocrx_word' id='word_1_214' title='bbox 1777 2947 1973 3006; x_wconf 87' lang='lat' dir='ltr'><strong>literis</strong></span> <span class='ocrx_word' id='word_1_215' title='bbox 2026 2967 2305 3025; x_wconf 85' lang='lat' dir='ltr'><strong>expresso</strong></span> <span class='ocrx_word' id='word_1_216' title='bbox 2326 2945 2371 3009; x_wconf 82' lang='lat'><strong>².</strong></span> 
     </span>
    </p>
   </div>
   <div class='ocr_carea' id='block_1_5' title="bbox 445 3054 700 3062">
    <p class='ocr_par' dir='ltr' id='par_1_7' title="bbox 445 3054 700 3062">
     <span class='ocr_line' id='line_1_26' title="bbox 445 3054 700 3062; baseline 0 2085"><span class='ocrx_word' id='word_1_217' title='bbox 445 3054 700 3062; x_wconf 95' lang='lat' dir='ltr'><strong> </strong></span> 
     </span>
    </p>
   </div>
   <div class='ocr_carea' id='block_1_6' title="bbox 434 3086 2738 3787">
    <p class='ocr_par' dir='ltr' id='par_1_8' title="bbox 434 3086 2736 3787">
     <span class='ocr_line' id='line_1_27' title="bbox 642 3086 2736 3155; baseline -0.001 -15"><span class='ocrx_word' id='word_1_218' title='bbox 642 3089 660 3119; x_wconf 86' lang='lat'>¹</span> <span class='ocrx_word' id='word_1_219' title='bbox 699 3086 840 3140; x_wconf 88' lang='lat' dir='ltr'><strong>Sane</strong></span> <span class='ocrx_word' id='word_1_220' title='bbox 875 3086 1099 3155; x_wconf 88' lang='lat' dir='ltr'><strong>quidem</strong></span> <span class='ocrx_word' id='word_1_221' title='bbox 1127 3089 1185 3140; x_wconf 93' lang='lat' dir='ltr'><strong>in</strong></span> <span class='ocrx_word' id='word_1_222' title='bbox 1211 3086 1484 3141; x_wconf 89' lang='lat' dir='ltr'><strong>eiusmodi</strong></span> <span class='ocrx_word' id='word_1_223' title='bbox 1523 3086 1943 3155; x_wconf 87' lang='lat' dir='ltr'><strong>quaestionibus</strong></span> <span class='ocrx_word' id='word_1_224' title='bbox 1970 3087 2303 3141; x_wconf 87' lang='lat' dir='ltr'><strong>coniecturis</strong></span> <span class='ocrx_word' id='word_1_225' title='bbox 2330 3104 2555 3155; x_wconf 87' lang='lat' dir='ltr'><strong>campus</strong></span> <span class='ocrx_word' id='word_1_226' title='bbox 2577 3088 2736 3155; x_wconf 87' lang='lat' dir='ltr'><strong>patet</strong></span> 
     </span>
     <span class='ocr_line' id='line_1_28' title="bbox 435 3172 2736 3243; baseline 0 -16"><span class='ocrx_word' id='word_1_227' title='bbox 435 3174 802 3243; x_wconf 86' lang='lat' dir='ltr'><strong>amplissimus</strong></span> <span class='ocrx_word' id='word_1_228' title='bbox 837 3192 1017 3243; x_wconf 90' lang='lat' dir='ltr'><strong>neque</strong></span> <span class='ocrx_word' id='word_1_229' title='bbox 1052 3175 1166 3229; x_wconf 89' lang='lat' dir='ltr'><strong>ulla</strong></span> <span class='ocrx_word' id='word_1_230' title='bbox 1202 3175 1488 3243; x_wconf 65' lang='lat' dir='ltr'><strong>opinicrab</strong></span> <span class='ocrx_word' id='word_1_231' title='bbox 1521 3175 1777 3228; x_wconf 89' lang='lat' dir='ltr'><strong>omnibus</strong></span> <span class='ocrx_word' id='word_1_232' title='bbox 1798 3172 2244 3229; x_wconf 85' lang='lat' dir='ltr'><strong>dubitationibus</strong></span> <span class='ocrx_word' id='word_1_233' title='bbox 2282 3174 2442 3229; x_wconf 85' lang='lat' dir='ltr'><strong>facile</strong></span> <span class='ocrx_word' id='word_1_234' title='bbox 2466 3174 2736 3229; x_wconf 87' lang='lat' dir='ltr'><strong>vindicari</strong></span> 
     </span>
     <span class='ocr_line' id='line_1_29' title="bbox 434 3262 2735 3333; baseline -0 -18"><span class='ocrx_word' id='word_1_235' title='bbox 434 3265 633 3331; x_wconf 79' lang='lat' dir='ltr'><strong>potest.</strong></span> <span class='ocrx_word' id='word_1_236' title='bbox 707 3263 790 3315; x_wconf 86' lang='lat' dir='ltr'><strong>lta</strong></span> <span class='ocrx_word' id='word_1_237' title='bbox 826 3268 1010 3317; x_wconf 88' lang='lat' dir='ltr'><strong>autem</strong></span> <span class='ocrx_word' id='word_1_238' title='bbox 1065 3269 1128 3318; x_wconf 90' lang='lat' dir='ltr'><strong>ut</strong></span> <span class='ocrx_word' id='word_1_239' title='bbox 1176 3264 1294 3317; x_wconf 86' lang='lat' dir='ltr'><strong>dixi</strong></span> <span class='ocrx_word' id='word_1_240' title='bbox 1330 3263 1408 3316; x_wconf 90' lang='lat' dir='ltr'><strong>eis</strong></span> <span class='ocrx_word' id='word_1_241' title='bbox 1444 3263 1795 3331; x_wconf 88' lang='lat' dir='ltr'><strong>potissimum</strong></span> <span class='ocrx_word' id='word_1_242' title='bbox 1834 3263 1969 3315; x_wconf 89' lang='lat' dir='ltr'><strong>locis</strong></span> <span class='ocrx_word' id='word_1_243' title='bbox 2006 3262 2209 3333; x_wconf 89' lang='lat' dir='ltr'><strong>quibus</strong></span> <span class='ocrx_word' id='word_1_244' title='bbox 2246 3262 2458 3317; x_wconf 86' lang='lat' dir='ltr'><strong>codices</strong></span> <span class='ocrx_word' id='word_1_245' title='bbox 2495 3264 2641 3315; x_wconf 89' lang='lat' dir='ltr'><strong>inter</strong></span> <span class='ocrx_word' id='word_1_246' title='bbox 2678 3280 2735 3315; x_wconf 91' lang='lat' dir='ltr'><strong>se</strong></span> 
     </span>
     <span class='ocr_line' id='line_1_30' title="bbox 434 3349 2732 3419; baseline 0 -18"><span class='ocrx_word' id='word_1_247' title='bbox 434 3349 749 3418; x_wconf 85' lang='lat' dir='ltr'><strong>discrepant</strong></span> <span class='ocrx_word' id='word_1_248' title='bbox 789 3369 876 3403; x_wconf 88' lang='lat' dir='ltr'><strong>res</strong></span> <span class='ocrx_word' id='word_1_249' title='bbox 912 3350 1214 3419; x_wconf 85' lang='lat' dir='ltr'><strong>disceptari</strong></span> <span class='ocrx_word' id='word_1_250' title='bbox 1261 3350 1499 3417; x_wconf 88' lang='lat' dir='ltr'><strong>videtur,</strong></span> <span class='ocrx_word' id='word_1_251' title='bbox 1537 3350 1745 3419; x_wconf 90' lang='lat' dir='ltr'><strong>quippe</strong></span> <span class='ocrx_word' id='word_1_252' title='bbox 1782 3350 1998 3419; x_wconf 89' lang='lat' dir='ltr'><strong>quibus,</strong></span> <span class='ocrx_word' id='word_1_253' title='bbox 2050 3351 2111 3403; x_wconf 89' lang='lat' dir='ltr'><strong>ni</strong></span> <span class='ocrx_word' id='word_1_254' title='bbox 2148 3350 2325 3418; x_wconf 87' lang='lat' dir='ltr'><strong>fallor,</strong></span> <span class='ocrx_word' id='word_1_255' title='bbox 2372 3351 2432 3403; x_wconf 91' lang='lat' dir='ltr'><strong>in</strong></span> <span class='ocrx_word' id='word_1_256' title='bbox 2470 3354 2732 3419; x_wconf 88' lang='lat' dir='ltr'><strong>promptu</strong></span> 
     </span>
     <span class='ocr_line' id='line_1_31' title="bbox 434 3438 2736 3509; baseline -0.001 -17"><span class='ocrx_word' id='word_1_257' title='bbox 434 3439 507 3493; x_wconf 90' lang='lat' dir='ltr'><strong>sit</strong></span> <span class='ocrx_word' id='word_1_258' title='bbox 542 3439 838 3494; x_wconf 87' lang='lat' dir='ltr'><strong>librarium</strong></span> <span class='ocrx_word' id='word_1_259' title='bbox 889 3441 1094 3495; x_wconf 89' lang='lat' dir='ltr'><strong>codicis</strong></span> <span class='ocrx_word' id='word_1_260' title='bbox 1131 3439 1432 3509; x_wconf 88' lang='lat' dir='ltr'><strong>Lipsiensis</strong></span> <span class='ocrx_word' id='word_1_261' title='bbox 1488 3456 1716 3507; x_wconf 89' lang='lat' dir='ltr'><strong>prorsus</strong></span> <span class='ocrx_word' id='word_1_262' title='bbox 1752 3456 1781 3492; x_wconf 91' lang='lat' dir='ltr'><strong>e</strong></span> <span class='ocrx_word' id='word_1_263' title='bbox 1819 3440 2211 3507; x_wconf 84' lang='lat' dir='ltr'><strong>scriptionibus</strong></span> <span class='ocrx_word' id='word_1_264' title='bbox 2253 3439 2458 3493; x_wconf 85' lang='lat' dir='ltr'><strong>codicis</strong></span> <span class='ocrx_word' id='word_1_265' title='bbox 2501 3438 2736 3495; x_wconf 87' lang='lat' dir='ltr'><strong>Romani</strong></span> 
     </span>
     <span class='ocr_line' id='line_1_32' title="bbox 434 3526 2735 3596; baseline -0 -17"><span class='ocrx_word' id='word_1_266' title='bbox 434 3527 690 3594; x_wconf 88' lang='lat' dir='ltr'><strong>pendere.</strong></span> <span class='ocrx_word' id='word_1_267' title='bbox 765 3526 989 3581; x_wconf 88' lang='lat' dir='ltr'><strong>Etenim</strong></span> <span class='ocrx_word' id='word_1_268' title='bbox 1039 3530 1120 3582; x_wconf 91' lang='lat' dir='ltr'><strong>ibi</strong></span> <span class='ocrx_word' id='word_1_269' title='bbox 1155 3526 1541 3581; x_wconf 89' lang='lat' dir='ltr'><strong>tantummodo</strong></span> <span class='ocrx_word' id='word_1_270' title='bbox 1598 3530 1809 3581; x_wconf 90' lang='lat' dir='ltr'><strong>rectum</strong></span> <span class='ocrx_word' id='word_1_271' title='bbox 1859 3531 2011 3580; x_wconf 90' lang='lat' dir='ltr'><strong>tenet</strong></span> <span class='ocrx_word' id='word_1_272' title='bbox 2061 3529 2161 3582; x_wconf 91' lang='lat' dir='ltr'><strong>ubi</strong></span> <span class='ocrx_word' id='word_1_273' title='bbox 2212 3527 2347 3596; x_wconf 92' lang='lat' dir='ltr'><strong>quid</strong></span> <span class='ocrx_word' id='word_1_274' title='bbox 2402 3530 2615 3581; x_wconf 89' lang='lat' dir='ltr'><strong>rectum</strong></span> <span class='ocrx_word' id='word_1_275' title='bbox 2661 3526 2735 3579; x_wconf 91' lang='lat' dir='ltr'><strong>sit</strong></span> 
     </span>
     <span class='ocr_line' id='line_1_33' title="bbox 435 3613 2738 3684; baseline 0 -19"><span class='ocrx_word' id='word_1_276' title='bbox 435 3613 672 3669; x_wconf 85' lang='lat' dir='ltr'><strong>lectione</strong></span> <span class='ocrx_word' id='word_1_277' title='bbox 709 3616 913 3669; x_wconf 88' lang='lat' dir='ltr'><strong>codicis</strong></span> <span class='ocrx_word' id='word_1_278' title='bbox 933 3616 1168 3670; x_wconf 87' lang='lat' dir='ltr'><strong>Romani</strong></span> <span class='ocrx_word' id='word_1_279' title='bbox 1208 3620 1264 3670; x_wconf 89' lang='lat' dir='ltr'><strong>et</strong></span> <span class='ocrx_word' id='word_1_280' title='bbox 1299 3614 1568 3669; x_wconf 86' lang='lat' dir='ltr'><strong>orationis</strong></span> <span class='ocrx_word' id='word_1_281' title='bbox 1604 3618 1868 3668; x_wconf 89' lang='lat' dir='ltr'><strong>contextu</strong></span> <span class='ocrx_word' id='word_1_282' title='bbox 1892 3618 2051 3668; x_wconf 87' lang='lat' dir='ltr'><strong>extra</strong></span> <span class='ocrx_word' id='word_1_283' title='bbox 2086 3616 2318 3669; x_wconf 91' lang='lat' dir='ltr'><strong>dubium</strong></span> <span class='ocrx_word' id='word_1_284' title='bbox 2355 3616 2600 3684; x_wconf 90' lang='lat' dir='ltr'><strong>positum</strong></span> <span class='ocrx_word' id='word_1_285' title='bbox 2637 3618 2738 3680; x_wconf 89' lang='lat' dir='ltr'><strong>est,</strong></span> 
     </span>
     <span class='ocr_line' id='line_1_34' title="bbox 434 3688 2737 3787; baseline 0 -34"><span class='ocrx_word' id='word_1_286' title='bbox 434 3701 610 3755; x_wconf 88' lang='lat' dir='ltr'><strong>veluti</strong></span> <span class='ocrx_word' id='word_1_287' title='bbox 645 3720 748 3771; x_wconf 91' lang='lat' dir='ltr'><strong>pro</strong></span> <span class='ocrx_word' id='word_1_288' title='bbox 801 3692 939 3754; x_wconf 62' lang='lat'><strong>⁵11&gt;</strong></span> <span class='ocrx_word' id='word_1_289' title='bbox 977 3707 1199 3787; x_wconf 40' lang='grc' dir='ltr'><strong>μς,</strong></span> <span class='ocrx_word' id='word_1_290' title='bbox 1267 3706 1324 3757; x_wconf 83' lang='grc' dir='ltr'><strong>ἱ11</strong></span> <span class='ocrx_word' id='word_1_291' title='bbox 1349 3704 1469 3758; x_wconf 88' lang='lat' dir='ltr'><strong>cod.</strong></span> <span class='ocrx_word' id='word_1_292' title='bbox 1507 3703 1666 3757; x_wconf 89' lang='lat' dir='ltr'><strong>Rom.</strong></span> <span class='ocrx_word' id='word_1_293' title='bbox 1702 3705 1821 3773; x_wconf 89' lang='lat' dir='ltr'><strong>ipse</strong></span> <span class='ocrx_word' id='word_1_294' title='bbox 1847 3705 2071 3758; x_wconf 89' lang='lat' dir='ltr'><strong>exhibet</strong></span> <span class='ocrx_word' id='word_1_295' title='bbox 2133 3688 2303 3755; x_wconf 56' lang='lat' dir='ltr'><strong>ast&gt;</strong></span> <span class='ocrx_word' id='word_1_296' title='bbox 2332 3691 2529 3787; x_wconf 50' lang='lat'><strong>5433&#39;9</strong></span> <span class='ocrx_word' id='word_1_297' title='bbox 2582 3717 2737 3770; x_wconf 87' lang='lat' dir='ltr'><strong>prae-</strong></span> 
     </span>
    </p>
   </div>
   <div class='ocr_carea' id='block_1_7' title="bbox 435 3792 2809 4249">
    <p class='ocr_par' dir='ltr' id='par_1_9' title="bbox 435 3792 2809 4161">
     <span class='ocr_line' id='line_1_35' title="bbox 439 3792 2741 3877; baseline 0 -18"><span class='ocrx_word' id='word_1_298' title='bbox 439 3806 666 3862; x_wconf 83' lang='lat' dir='ltr'><strong>cedente</strong></span> <span class='ocrx_word' id='word_1_299' title='bbox 695 3792 934 3875; x_wconf 53' lang='grc' dir='ltr'><strong>Μὶιῦύς</strong></span> <span class='ocrx_word' id='word_1_300' title='bbox 959 3806 1283 3875; x_wconf 89' lang='lat' dir='ltr'><strong>plerumque</strong></span> <span class='ocrx_word' id='word_1_301' title='bbox 1302 3811 1488 3860; x_wconf 85' lang='lat' dir='ltr'><strong>autem</strong></span> <span class='ocrx_word' id='word_1_302' title='bbox 1512 3824 1632 3859; x_wconf 78' lang='lat' dir='ltr'><strong>eam</strong></span> <span class='ocrx_word' id='word_1_303' title='bbox 1650 3808 2008 3875; x_wconf 89' lang='lat' dir='ltr'><strong>scriptionem</strong></span> <span class='ocrx_word' id='word_1_304' title='bbox 2020 3809 2271 3861; x_wconf 86' lang='lat' dir='ltr'><strong>restituit</strong></span> <span class='ocrx_word' id='word_1_305' title='bbox 2290 3825 2454 3877; x_wconf 90' lang='lat' dir='ltr'><strong>quam</strong></span> <span class='ocrx_word' id='word_1_306' title='bbox 2473 3807 2741 3860; x_wconf 89' lang='lat' dir='ltr'><strong>librarius</strong></span> 
     </span>
     <span class='ocr_line' id='line_1_36' title="bbox 435 3894 2737 3964; baseline -0 -15"><span class='ocrx_word' id='word_1_307' title='bbox 435 3895 639 3949; x_wconf 84' lang='lat' dir='ltr'><strong>codicis</strong></span> <span class='ocrx_word' id='word_1_308' title='bbox 730 3894 966 3947; x_wconf 84' lang='lat' dir='ltr'><strong>Romani</strong></span> <span class='ocrx_word' id='word_1_309' title='bbox 1047 3895 1338 3950; x_wconf 91' lang='lat' dir='ltr'><strong>intendere</strong></span> <span class='ocrx_word' id='word_1_310' title='bbox 1423 3896 1510 3949; x_wconf 90' lang='lat' dir='ltr'><strong>vel</strong></span> <span class='ocrx_word' id='word_1_311' title='bbox 1584 3896 1969 3949; x_wconf 84' lang='lat' dir='ltr'><strong>commendare</strong></span> <span class='ocrx_word' id='word_1_312' title='bbox 2052 3895 2272 3950; x_wconf 84' lang='lat' dir='ltr'><strong>videtur</strong></span> <span class='ocrx_word' id='word_1_313' title='bbox 2357 3896 2606 3964; x_wconf 86' lang='lat' dir='ltr'><strong>quamvis</strong></span> <span class='ocrx_word' id='word_1_314' title='bbox 2678 3895 2737 3947; x_wconf 89' lang='lat' dir='ltr'><strong>in</strong></span> 
     </span>
     <span class='ocr_line' id='line_1_37' title="bbox 435 3970 2809 4065; baseline 0.003 -31"><span class='ocrx_word' id='word_1_315' title='bbox 435 3983 575 4034; x_wconf 88' lang='lat' dir='ltr'><strong>vitio</strong></span> <span class='ocrx_word' id='word_1_316' title='bbox 624 3982 713 4048; x_wconf 89' lang='lat' dir='ltr'><strong>sit,</strong></span> <span class='ocrx_word' id='word_1_317' title='bbox 750 3979 924 4035; x_wconf 89' lang='lat' dir='ltr'><strong>veluti</strong></span> <span class='ocrx_word' id='word_1_318' title='bbox 969 3983 1056 4037; x_wconf 85' lang='lat' dir='ltr'><strong>bis</strong></span> <span class='ocrx_word' id='word_1_319' title='bbox 1101 3986 1160 4039; x_wconf 90' lang='lat' dir='ltr'><strong>in</strong></span> <span class='ocrx_word' id='word_1_320' title='bbox 1205 3983 1324 4038; x_wconf 90' lang='lat' dir='ltr'><strong>cod.</strong></span> <span class='ocrx_word' id='word_1_321' title='bbox 1372 3984 1532 4038; x_wconf 89' lang='lat' dir='ltr'><strong>Rom.</strong></span> <span class='ocrx_word' id='word_1_322' title='bbox 1572 3971 1732 4055; x_wconf 45' lang='lat' dir='ltr'><strong>&amp;sm</strong></span> <span class='ocrx_word' id='word_1_323' title='bbox 1785 3983 2068 4039; x_wconf 89' lang='lat' dir='ltr'><strong>invenitur</strong></span> <span class='ocrx_word' id='word_1_324' title='bbox 2115 4001 2218 4054; x_wconf 90' lang='lat' dir='ltr'><strong>pro</strong></span> <span class='ocrx_word' id='word_1_325' title='bbox 2281 3970 2459 4065; x_wconf 56' lang='grc' dir='ltr'><strong>ὲωῖ,</strong></span> <span class='ocrx_word' id='word_1_326' title='bbox 2521 3986 2579 4036; x_wconf 89' lang='lat' dir='ltr'><strong>in</strong></span> <span class='ocrx_word' id='word_1_327' title='bbox 2618 3982 2736 4040; x_wconf 89' lang='lat' dir='ltr'><strong>cod.</strong></span> <span class='ocrx_word' id='word_1_328' title='bbox 2802 4034 2809 4041; x_wconf 96' lang='lat'><strong>.</strong></span> 
     </span>
     <span class='ocr_line' id='line_1_38' title="bbox 437 4072 1879 4161; baseline -0.001 -21"><span class='ocrx_word' id='word_1_329' title='bbox 437 4086 588 4155; x_wconf 85' lang='lat' dir='ltr'><strong>Lips.</strong></span> <span class='ocrx_word' id='word_1_330' title='bbox 624 4089 921 4157; x_wconf 90' lang='lat' dir='ltr'><strong>utrobique</strong></span> <span class='ocrx_word' id='word_1_331' title='bbox 953 4072 1135 4157; x_wconf 53' lang='lat'><strong>31:235,</strong></span> <span class='ocrx_word' id='word_1_332' title='bbox 1876 4158 1879 4161; x_wconf 14' lang='lat'><strong>⁴</strong></span> 
     </span>
    </p>

    <p class='ocr_par' dir='ltr' id='par_1_10' title="bbox 637 4171 2767 4249">
     <span class='ocr_line' id='line_1_39' title="bbox 637 4171 2767 4249; baseline -0.001 -18"><span class='ocrx_word' id='word_1_333' title='bbox 637 4177 659 4209; x_wconf 77' lang='lat'>²</span> <span class='ocrx_word' id='word_1_334' title='bbox 695 4177 806 4231; x_wconf 83' lang='lat' dir='ltr'><strong>Eae</strong></span> <span class='ocrx_word' id='word_1_335' title='bbox 843 4177 991 4230; x_wconf 89' lang='lat' dir='ltr'><strong>enim</strong></span> <span class='ocrx_word' id='word_1_336' title='bbox 1037 4174 1234 4229; x_wconf 87' lang='lat' dir='ltr'><strong>literae</strong></span> <span class='ocrx_word' id='word_1_337' title='bbox 1270 4190 1410 4243; x_wconf 88' lang='lat' dir='ltr'><strong>quae</strong></span> <span class='ocrx_word' id='word_1_338' title='bbox 1447 4173 1656 4241; x_wconf 86' lang='lat' dir='ltr'><strong>syriace</strong></span> <span class='ocrx_word' id='word_1_339' title='bbox 1694 4190 1805 4231; x_wconf 79' lang='lat' dir='ltr'><strong>una</strong></span> <span class='ocrx_word' id='word_1_340' title='bbox 1840 4176 1896 4233; x_wconf 78' lang='lat' dir='ltr'><strong>et</strong></span> <span class='ocrx_word' id='word_1_341' title='bbox 1934 4171 2123 4227; x_wconf 86' lang='lat' dir='ltr'><strong>eadem</strong></span> <span class='ocrx_word' id='word_1_342' title='bbox 2156 4174 2324 4227; x_wconf 85' lang='lat' dir='ltr'><strong>litera</strong></span> <span class='ocrx_word' id='word_1_343' title='bbox 2365 4172 2521 4229; x_wconf 88' lang='lat' dir='ltr'><strong>reddi</strong></span> <span class='ocrx_word' id='word_1_344' title='bbox 2563 4175 2767 4249; x_wconf 38' lang='lat' dir='ltr'><strong>solent·</strong></span> 
     </span>
    </p>
   </div>
   <div class='ocr_carea' id='block_1_8' title="bbox 435 4248 2736 4477">
    <p class='ocr_par' dir='ltr' id='par_1_11' title="bbox 435 4248 2736 4477">
     <span class='ocr_line' id='line_1_40' title="bbox 437 4248 2736 4342; baseline -0.001 -25"><span class='ocrx_word' id='word_1_345' title='bbox 437 4265 753 4333; x_wconf 81' lang='lat' dir='ltr'><strong>saepissime</strong></span> <span class='ocrx_word' id='word_1_346' title='bbox 792 4266 938 4319; x_wconf 83' lang='lat' dir='ltr'><strong>inter</strong></span> <span class='ocrx_word' id='word_1_347' title='bbox 975 4281 1091 4318; x_wconf 87' lang='lat' dir='ltr'><strong>sese</strong></span> <span class='ocrx_word' id='word_1_348' title='bbox 1116 4260 1534 4319; x_wconf 87' lang='lat' dir='ltr'><strong>confunduntur</strong></span> <span class='ocrx_word' id='word_1_349' title='bbox 1572 4260 1745 4315; x_wconf 89' lang='lat' dir='ltr'><strong>veluti</strong></span> <span class='ocrx_word' id='word_1_350' title='bbox 1783 4280 1875 4334; x_wconf 67' lang='grc' dir='ltr'><strong>υτ)</strong></span> <span class='ocrx_word' id='word_1_351' title='bbox 1911 4262 2141 4331; x_wconf 91' lang='lat' dir='ltr'><strong>ponitur</strong></span> <span class='ocrx_word' id='word_1_352' title='bbox 2179 4281 2281 4332; x_wconf 92' lang='lat' dir='ltr'><strong>pro</strong></span> <span class='ocrx_word' id='word_1_353' title='bbox 2325 4254 2397 4319; x_wconf 55' lang='grc' dir='ltr'>ὼ</span> <span class='ocrx_word' id='word_1_354' title='bbox 2436 4270 2493 4317; x_wconf 78' lang='lat' dir='ltr'><strong>ct</strong></span> <span class='ocrx_word' id='word_1_355' title='bbox 2532 4251 2634 4342; x_wconf 62' lang='lat' dir='ltr'><strong>-b,</strong></span> <span class='ocrx_word' id='word_1_356' title='bbox 2668 4248 2736 4315; x_wconf 52' lang='grc' dir='ltr'><strong>ας</strong></span> 
     </span>
     <span class='ocr_line' id='line_1_41' title="bbox 435 4387 650 4477; baseline 0.009 -56"><span class='ocrx_word' id='word_1_357' title='bbox 435 4387 538 4441; x_wconf 89' lang='lat' dir='ltr'><strong>pro</strong></span> <span class='ocrx_word' id='word_1_358' title='bbox 577 4392 650 4477; x_wconf 58' lang='grc' dir='ltr'><strong>ἐ,</strong></span> 
     </span>
    </p>
   </div>
   <div class='ocr_carea' id='block_1_9' title="bbox 435 4356 2737 4551">
    <p class='ocr_par' dir='ltr' id='par_1_12' title="bbox 435 4356 2737 4551">
     <span class='ocr_line' id='line_1_42' title="bbox 714 4356 2737 4453; baseline -0.004 -28"><span class='ocrx_word' id='word_1_359' title='bbox 714 4388 826 4425; x_wconf 85' lang='grc'><strong>11011</strong></span> <span class='ocrx_word' id='word_1_360' title='bbox 863 4369 1039 4425; x_wconf 84' lang='lat' dir='ltr'><strong>solum</strong></span> <span class='ocrx_word' id='word_1_361' title='bbox 1075 4377 1142 4420; x_wconf 63' lang='grc' dir='ltr'><strong>Ψ</strong></span> <span class='ocrx_word' id='word_1_362' title='bbox 1181 4385 1284 4437; x_wconf 88' lang='lat' dir='ltr'><strong>pro</strong></span> <span class='ocrx_word' id='word_1_363' title='bbox 1321 4366 1416 4453; x_wconf 62' lang='lat' dir='ltr'><strong>Cu,</strong></span> <span class='ocrx_word' id='word_1_364' title='bbox 1467 4372 1504 4416; x_wconf 88' lang='lat'><strong>.&gt;</strong></span> <span class='ocrx_word' id='word_1_365' title='bbox 1524 4384 1627 4437; x_wconf 88' lang='lat' dir='ltr'><strong>pro</strong></span> <span class='ocrx_word' id='word_1_366' title='bbox 1648 4356 1709 4447; x_wconf 66' lang='grc' dir='ltr'><strong>ὁ,</strong></span> <span class='ocrx_word' id='word_1_367' title='bbox 1751 4364 1843 4419; x_wconf 89' lang='lat' dir='ltr'><strong>sed</strong></span> <span class='ocrx_word' id='word_1_368' title='bbox 1867 4365 2035 4419; x_wconf 88' lang='lat' dir='ltr'><strong>etiam</strong></span> <span class='ocrx_word' id='word_1_369' title='bbox 2072 4361 2147 4415; x_wconf 62' lang='grc' dir='ltr'><strong>κί’)</strong></span> <span class='ocrx_word' id='word_1_370' title='bbox 2183 4387 2286 4439; x_wconf 91' lang='lat' dir='ltr'><strong>pro</strong></span> <span class='ocrx_word' id='word_1_371' title='bbox 2328 4385 2419 4451; x_wconf 61' lang='lat' dir='ltr'><strong>w,</strong></span> <span class='ocrx_word' id='word_1_372' title='bbox 2469 4358 2633 4435; x_wconf 57' lang='lat' dir='ltr'><strong>&amp;pro</strong></span> <span class='ocrx_word' id='word_1_373' title='bbox 2657 4372 2737 4433; x_wconf 62' lang='grc' dir='ltr'><strong>ὠς</strong></span> 
     </span>
     <span class='ocr_line' id='line_1_43' title="bbox 435 4462 2527 4551; baseline -0.003 -19"><span class='ocrx_word' id='word_1_374' title='bbox 435 4477 574 4532; x_wconf 86' lang='lat' dir='ltr'><strong>adde</strong></span> <span class='ocrx_word' id='word_1_375' title='bbox 619 4476 778 4549; x_wconf 26' lang='lat' dir='ltr'><strong>‘quod</strong></span> <span class='ocrx_word' id='word_1_376' title='bbox 815 4477 1018 4533; x_wconf 84' lang='lat' dir='ltr'><strong>iterum</strong></span> <span class='ocrx_word' id='word_1_377' title='bbox 1055 4480 1220 4549; x_wconf 85' lang='lat' dir='ltr'><strong>atque</strong></span> <span class='ocrx_word' id='word_1_378' title='bbox 1255 4476 1461 4531; x_wconf 85' lang='lat' dir='ltr'><strong>iterum</strong></span> <span class='ocrx_word' id='word_1_379' title='bbox 1497 4482 1579 4551; x_wconf 49' lang='grc' dir='ltr'><strong>χ.)</strong></span> <span class='ocrx_word' id='word_1_380' title='bbox 1614 4472 1900 4527; x_wconf 86' lang='lat' dir='ltr'><strong>invenitur</strong></span> <span class='ocrx_word' id='word_1_381' title='bbox 1934 4488 2038 4543; x_wconf 83' lang='lat' dir='ltr'><strong>pro</strong></span> <span class='ocrx_word' id='word_1_382' title='bbox 2079 4462 2175 4527; x_wconf 51' lang='lat' dir='ltr'><strong>Q·</strong></span> <span class='ocrx_word' id='word_1_383' title='bbox 2522 4462 2527 4465; x_wconf 66' lang='grc'><strong>’</strong></span> 
     </span>
    </p>
   </div>
  </div>
 </body>
</html>
