3099 5147
1381 430 1513 487 127

1246 832 1342 891 Ad
1392 792 1525 910 cap.
1585 836 1646 890 4.

508 1060 565 1139 ἓ.
627 1066 655 1121 1
680 1094 747 1105 -·-
774 1063 833 1118 2.
938 1058 1010 1116 In
1061 1058 1171 1115 hac
1224 1059 1367 1127 vita,
1422 1058 1683 1135 scriptor
1735 1060 1840 1128 ait,
1897 1056 2052 1115 mala
2097 1059 2243 1114 ante
2284 1055 2442 1115 bona
2495 1077 2598 1115 an-

315 1164 620 1243 ticipanda
670 1166 831 1219 sunt.

510 1262 565 1340 §.
619 1266 680 1322 3.
786 1261 981 1319 Locus
1032 1256 1360 1317 difficilior.
1465 1258 1625 1316 Mari
1677 1256 2094 1334 significantur
2145 1276 2240 1315 res
2285 1256 2598 1317 humanae.

312 1366 633 1443 Navigium
685 1368 886 1420 autem
940 1380 1058 1437 quo
1111 1362 1309 1417 anima
1359 1360 1535 1417 istud·
1567 1378 1676 1435 per
1726 1378 1890 1415 mare
1924 1359 2068 1416 vehi
2097 1356 2352 1435 fingitur
2386 1378 2602 1434 corpus

309 1474 439 1526 est:
494 1488 544 1525 c.
607 1467 715 1535 14,
778 1465 905 1532 143
958 1462 1035 1519 cf.
1090 1459 1338 1518 Fratres
1390 1459 1694 1518 Sinceros:
1751 1460 1905 1517 Man
1947 1459 2266 1535 veryleiche
2309 1460 2404 1518 die
2442 1460 2604 1519 Seele

306 1572 435 1631 dem
478 1568 747 1639 Schiffer,
811 1566 923 1623 den
975 1542 1121 1623 Lesib
1179 1563 1305 1621 dein
1350 1562 1552 1633 Schiff.
1641 1558 1919 1618 Dieterici
1977 1560 2087 1619 Die
2135 1560 2602 1637 Anthropologie

311 1691 372 1748 p.
430 1672 539 1739 17,
590 1668 667 1725 cf.
719 1686 781 1744 p.
840 1667 955 1723 43.
1019 1666 1151 1722 127
1164 1649 1222 1722 ‚¹
1317 1661 1439 1720 Cur
1494 1662 1753 1738 denique
1819 1660 1932 1718 hoc
1983 1663 2216 1719 animae
2268 1660 2604 1720 vehiculum

312 1792 344 1828 e
396 1767 713 1845 congelata
764 1785 921 1843 aqua
973 1785 1099 1822 esse
1150 1764 1405 1833 dicatur,
1460 1783 1534 1819 ex
1587 1782 1657 1819 eo
1710 1780 1946 1819 causam
1998 1767 2238 1839 repetas
2281 1762 2440 1838 quod
2477 1780 2605 1819 cor·

311 1891 423 1949 pus
476 1868 693 1926 eisdem
746 1887 819 1924 ex
876 1866 1185 1924 elementis
1237 1862 1562 1921 conflatum
1615 1867 1678 1919 et
1729 1866 2072 1929 concretum
2124 1882 2251 1921 esse
2302 1864 2606 1920 existima-

315 1976 417 2028 tur
467 1991 499 2027 e
552 1967 769 2045 quibus
820 1965 916 2024 hic
968 1965 1223 2023 mundus
1276 1967 1515 2022 constat
1559 1954 1690 2020 cnm
1742 1965 1891 2021 mari
1945 1962 2039 2021 vel
2084 1982 2240 2040 aqua
2292 1962 2572 2021 collatus.

511 2066 566 2144 ξ.
624 2070 688 2127 4.
796 2066 911 2125 Est
960 2070 1347 2143 praeceptum
1389 2063 1662 2121 Platonis
1715 2064 1819 2139 qui
1867 2062 1942 2121 de
1995 2083 2123 2141 rep.
2179 2084 2239 2141 p.
2278 2062 2606 2123 5080—-11

316 2172 620 2231 Socratem
672 2168 747 2227 de
818 2166 1117 2243 colloquio
1188 2165 1266 2223 ab
1335 2167 1466 2243 ipso
1518 2184 1650 2221 cum
1705 2162 2010 2221 Glaucone
2062 2166 2344 2223 instituto
2397 2165 2610 2221 haecce

316 2272 675 2331 referentem
728 2267 911 2325 facit:
967 2263 1343 2345 Ὀφθαλμοί,
1388 2252 1457 2344 ἦν
1498 2262 1553 2322 δ’
1585 2260 1720 2344 ἐγώ,
1764 2256 1924 2325 οἷσθ’
1959 2260 2057 2337 ‹‘'u‚
2105 2258 2239 2323 ὅταν
2275 2257 2472 2343 μηκέτι
2513 2262 2608 2323 ἐπ’

316 2364 505 2429 ἐκεῖνά
558 2388 637 2437 τις
685 2361 894 2435 αὐτοὺς
945 2357 1117 2446 τρέπῃ
1173 2346 1255 2421 ὧν
1312 2356 1385 2421 ἂν
1439 2359 1538 2435 τὰς
1577 2359 1762 2443 χρόας
1811 2359 1875 2421 τό
1922 2356 2196 2441 ἡμερινὸν
2240 2365 2364 2443 φῶς
2417 2358 2608 2445 ἐπὰῃ,

316 2465 461 2527 ἀλλὰ
504 2450 584 2526 ὧν
614 2461 903 2544 νυκτερινὰ
932 2460 1132 2543 φέγγη,
1156 2460 1591 2541 ἀμβλυώττουσί
1617 2485 1672 2523 τε
1702 2464 1801 2523 καὶ
1838 2460 2008 2543 ἐγγὺς
2032 2460 2334 2541 φαίνονται
2362 2465 2608 2543 τυφλῶν,

318 2564 506 2650 ὥσπερ
572 2564 678 2628 οὐκ
720 2560 953 2644 ἐνούσης
993 2565 1265 2644 καθαρᾶς
1316 2560 1541 2641 &maog
1606 2553 1737 2627 Καὶ
1775 2561 1960 2643 μάλα,
2008 2558 2136 2644 ἔφη.
2213 2558 2386 2634 Ὅταν
2431 2559 2496 2649 δέ
2535 2566 2608 2644 γ’;

316 2663 500 2747 οἶμαι,
548 2655 630 2728 ὧν
674 2665 705 2729 ὁ
744 2664 896 2748 ἥλιος
935 2663 1313 2745 καταλάμπει,
1376 2671 1578 2747 σαφῶς
1621 2663 1808 2747 ὁρῶσι,
1871 2667 1970 2727 καὶ
2011 2670 2125 2738 τοῖς
2168 2661 2361 2737 αὐτοῖς
2398 2662 2614 2738 τούτοις

320 2767 513 2850 [ὄψις]
554 2768 764 2830 ἐνοῦσα
806 2765 1089 2847 φαίνεται.
1142 2765 1225 2826 Τί
1260 2764 1389 2846 μήν
1398 2790 1419 2841 ;
1460 2763 1630 2828 Οὕτω
1678 2765 1867 2828 τοίνυν
1907 2767 2007 2828 καὶ
2043 2764 2105 2828 τὸ
2145 2771 2238 2847 τῆς
2276 2771 2468 2847 ψυχῆς
2501 2750 2612 2828 ὧδε

320 2867 431 2930 νόει
453 2884 466 2897 ·
510 2866 645 2928 ὅταν
681 2867 795 2944 μὲν
837 2853 911 2928 οὗ
946 2865 1307 2945 καταλάμπει
1352 2864 1602 2948 ἀλήθειά
1642 2889 1700 2930 τε
1727 2869 1827 2929 καὶ
1860 2866 1921 2929 τὸ
1951 2865 2037 2942 ὄν,
2083 2867 2167 2940 εἰς
2188 2871 2348 2930 τοῦτο
2377 2867 2609 2949 ἀπερεί-

218 3039 233 3052 x
323 2990 501 3048 σηται,
550 2965 747 3048 ἕνὸησέ
786 2991 845 3028 τε
884 2969 984 3027 καὶ
1024 2963 1169 3047 ἔγνω
1214 2965 1355 3026 αὐτὸ
1396 2969 1495 3027 καὶ
1542 2975 1676 3028 νοῦν
1721 2964 1870 3048 ἔχειν
1913 2966 2208 3048 φαίνεται·
2253 2964 2387 3028 ὅταν
2429 2967 2491 3029 δὲ
2533 2971 2617 3043 εἰς

322 3067 381 3129 τὸ
410 3073 489 3154 τῷ
517 3059 697 3152 σκῦτῳ
740 3064 1109 3146 κεκραμένον,
1156 3064 1215 3126 τὸ
1243 3064 1580 3146 γιγνόμενόν
1619 3090 1677 3127 τε
1704 3069 1804 3127 καὶ
1847 3065 2262 3144 ἀπολλύμενον,
2308 3067 2524 3142 δοξάζει
2559 3093 2615 3132 τε
2652 3133 2656 3136 ,

321 3169 419 3227 καῖ
471 3164 824 3246 ἀμβλυώττει
877 3164 999 3228 ἄνω
1052 3166 1150 3225 καί
1208 3164 1359 3225 κάτω
1419 3165 1514 3239 τὰς
1567 3166 1738 3239 δόξας
1772 3166 2134 3245 μεταβάλλον
2177 3169 2277 3228 καὶ
2317 3165 2497 3237 ,ἔοικεν
2537 3161 2619 3231 αὖ

328 3271 463 3326 νοῦν
508 3264 612 3325 οὐκ
656 3259 850 3344 ἔχοντι.
892 3263 1078 3324 Ἔοικε
1118 3261 1247 3343 γάρ.
1294 3297 1374 3306 --
1440 3265 1529 3324 De
1601 3268 1808 3326 formis
1873 3274 1936 3326 et
2005 3268 2214 3344 figuris
2267 3272 2329 3328 in
2380 3274 2617 3333 ratione

327 3372 458 3447 ipsa
509 3369 722 3446 positis
775 3389 829 3426 v.
885 3367 960 3425 ad
1014 3387 1065 3424 c.
1128 3369 1235 3438 12,
1295 3367 1506 3426 5—7.

332 3551 461 3558 *-

528 3659 545 3688 ¹
586 3657 879 3726 Sumptum
918 3661 1001 3710 est
1038 3655 1219 3711 simile
1268 3657 1339 3710 ab
1377 3656 1655 3710 Arabibus
1691 3673 1720 3710 e
1757 3656 2074 3712 Platonicis,
2147 3658 2213 3712 In
2247 3655 2493 3712 Platonis
2530 3657 2618 3710 Ti-

326 3765 479 3800 maeo
514 3766 567 3816 p.
606 3749 717 3800 41e
754 3745 955 3800 Critias
1010 3745 1223 3798 stellam
1276 3763 1309 3798 a
1360 3763 1548 3798 rerum
1601 3746 1977 3800 universitatis
2013 3751 2261 3800 creatore
2298 3748 2513 3800 animae
2550 3747 2620 3799 ad

325 3834 693 3888 habitandum
748 3833 935 3887 datam
994 3825 1181 3902 ὄχημα
1230 3833 1509 3902 quoddam
1579 3834 1794 3886 animae
1848 3834 2107 3902 appellat.
2166 3864 2233 3872 —
2288 3833 2618 3888 Aristoteles

327 3923 702 3990 quaestionem
743 3924 791 3972 εἶ
810 3917 977 3978 οὕτως
1000 3921 1299 3990 ἐντελέχεια
1325 3922 1421 3974 τοῦ
1444 3917 1699 3992 σώματος
1733 3920 1764 3988 ἡ
1795 3919 1948 3991 ψυχὴ
1982 3918 2170 3991 ὥσπερ
2187 3921 2405 3992 πλωτὴρ
2432 3926 2624 3977 πλοίου

326 4009 394 4062 de
430 4028 499 4062 an
558 4010 625 4076 11,
664 4009 690 4060 1
734 4008 811 4076 (p.
847 4009 971 4074 413,
1008 4025 1055 4076 a,
1092 4011 1149 4077 8)
1191 4010 1442 4078 negando
1475 4010 1743 4063 dissolvit.
1788 4039 1849 4048 —-
1887 4009 2138 4063 Plotinus
2165 4009 2309 4063 Enn.
2335 4009 2430 4064 lv.
2461 4011 2510 4078 3,
2552 4010 2616 4062 21

328 4096 552 4149 eandem
592 4095 1011 4149 similitudinem
1049 4096 1280 4165 (λέγεται
1322 4094 1487 4154 οὕτως
1537 4098 1600 4148 ἐν
1640 4098 1715 4166 τῷ
1767 4092 1980 4168 σώματι.
2030 4097 2162 4151 εἶναι
2214 4097 2244 4164 ἡ
2287 4095 2440 4168 ψυχὴ
2486 4097 2558 4156 ὡς
2591 4096 2621 4150 ὁ

326 4179 643 4254 κυβερνήτης
680 4185 741 4237 ἐν
775 4184 837 4256 τῇ
878 4183 996 4252 νηΐ)
1055 4183 1310 4252 pluribus
1356 4185 1608 4253 disputat
1662 4203 1761 4239 nec
1797 4203 2024 4254 prorsus
2061 4186 2144 4240 rei
2179 4187 2476 4240 convenire
2510 4191 2620 4239 sta-

326 4275 454 4328 tuit.
495 4303 561 4311 ——
599 4273 868 4326 Attamen
906 4273 1207 4326 serim-ibus
1241 4272 1540 4326 Platonicis
1576 4275 1684 4328 ista
1719 4273 2024 4328 similitudo
2063 4273 2494 4327 celebratissima
2522 4279 2619 4327 est:

328 4381 380 4418 v.
418 4360 911 4431 wyttenbachium
960 4361 1019 4414 in
1068 4361 1642 4416 animadversionibus
1696 4363 1754 4416 in
1789 4361 2075 4415 Plutarchi
2124 4360 2328 4414 librum
2384 4361 2450 4414 de
2498 4377 2623 4415 sera

328 4450 573 4505 numinis
608 4447 859 4502 vindicta
896 4447 1097 4516 (Lug-d.
1136 4448 1255 4501 Bat.
1298 4451 1359 4502 17
1366 4449 1457 4518 72)
1493 4467 1546 4517 p.
1586 4451 1655 4502 97
1693 4466 1809 4519 sqq.
