3099 5147
1528 481 1680 540 XIII

456 685 608 743 nihil
659 691 1030 764 compertum
1081 692 1208 756 est3
1270 687 1336 742 in
1387 685 1587 746 verbis
1652 692 1852 744 autem
1904 687 2161 746 arabicis
2228 687 2518 746 versionis
2586 687 2753 746 nulla

456 792 782 845 cernuntur
832 787 1107 862 vestigia,
1161 790 1338 844 immo
1390 789 1557 846 varia
1609 793 1928 847 occurrunt
1982 807 2135 864 quae
2188 789 2481 864 originem
2543 793 2751 865 postu·

459 886 588 946 lent
629 886 983 946 orientalem
1037 893 1102 945 et
1151 888 1472 946 arabicam.

657 989 793 1066 Ipse
845 989 1124 1066 scriptor,
1175 994 1380 1047 utrum
1433 989 1975 1074 Muhammadanus
2026 991 2215 1048 fuerit
2264 1010 2341 1047 an
2375 988 2753 1048 Christianus

456 1111 533 1147 an
586 1090 748 1148 forte
821 1090 1001 1147 etiam
1071 1090 1346 1161 IudaeuS,
1397 1092 1750 1168 ambigitur.
1832 1090 2054 1149 Reiske
2132 1089 2295 1168 apud
2347 1088 2753 1148 Fleischerum

429 1191 495 1258 ,1.
549 1191 591 1248 l.
645 1212 706 1268 p.
760 1188 933 1246 V1-
955 1190 1063 1247 VII
1111 1193 1274 1250 inter
1323 1191 1590 1251 diversas
1639 1193 1789 1250 istas
1836 1194 2150 1269 opiniones
2200 1191 2418 1249 dubius
2470 1191 2753 1261 fluctuat,

457 1297 762 1368 postremo
814 1289 891 1349 ad
946 1291 1248 1350 Hermetis
1285 1291 1665 1370 Trismegisti
1716 1299 1922 1370 partes
1950 1313 2077 1352 sese
2104 1293 2390 1371 applicat.
2450 1291 2755 1350 Fleischer

457 1399 654 1450 autem
700 1413 760 1468 Ρ.
815 1391 964 1450 VIII
1009 1395 1071 1450 in
1123 1395 1484 1452 sententiam
1534 1394 1697 1468 abit:
1802 1395 1933 1452 Der
1952 1394 2159 1452 Inhalt
2176 1395 2402 1466 spricht
2438 1393 2547 1464 fiir
2588 1396 2755 1452 einen

453 1489 555 1544 mit
596 1485 1031 1558 Gnosticismus‚
1093 1487 1637 1560 mammonam-us,
1696 1487 2193 1546 Manichaeismus
2242 1486 2387 1544 oder
2426 1485 2758 1557 iiber-haupt

453 1574 894 1644 orientali-soher
965 1588 1322 1661 Tleeosophie
1382 1591 1721 1648 vertrauten
1789 1587 2061 1647 Chri-§ten
2072 1609 2096 1660 ;
2152 1587 2268 1646 Stil
2327 1587 2453 1645 und
2494 1585 2757 1658 δικ-αυλις

457 1682 773 1756 besldtiqen
811 1683 957 1740 'dies-
1010 1680 1136 1738 Iam
1189 1701 1379 1738 sermo
1435 1680 1677 1758 quidem
1728 1680 1915 1738 habet
1967 1699 2121 1757 quae
2163 1677 2509 1738 Christiano
2561 1677 2753 1752 magis

456 1785 771 1842 convenire
842 1784 1163 1844 videantur
1234 1802 1412 1859 quam
1481 1781 1987 1880 Mullammadano
2052 1777 2272 1854 (veluti
2314 1777 2755 1874 Muhammadis

454 1930 667 1968 nomen
717 1930 840 1968 non
889 1911 1214 1978 invenitur,
1245 1889 1493 1980 Qur³ani
1543 1907 1711 1966 nulla
1761 1906 1833 1964 fit
1855 1907 2103 1976 mentiO,
2155 1901 2338 1978 alia);
2388 1904 2494 1962 sed
2546 1903 2752 1962 eadem

454 2031 698 2087 prorsus
750 2029 928 2086 quam
997 2031 1150 2088 quae
1212 2011 1277 2066 in
1325 2013 1536 2067 nostro
1588 2009 1747 2067 libro
1792 2012 1993 2066 exstat
2047 2004 2333 2081 loquendi
2381 2004 2753 2064 scribendive

451 2113 610 2168 ratio
662 2113 724 2168 in
763 2109 1403 2208 Muhammadanorum
1455 2110 1697 2187 scriptis
1760 2108 1934 2167 modo
1987 2107 2328 2184 argumenti
2380 2107 2503 2164 sint
2553 2104 2751 2183 philo-

455 2238 686 2316 sophici
762 2240 1000 2316 saepius
1067 2238 1354 2294 cernitur.
1460 2236 1901 2312 Argumentum
1981 2237 2185 2291 autem
2258 2230 2401 2290 libri
2466 2233 2751 2288 acerrime

453 2344 773 2416 repugnat.
884 2338 1133 2397 Etenim
1182 2337 1306 2394 tale
1359 2336 1504 2412 quid
1556 2335 1733 2413 quale
1760 2355 1879 2392 non
1910 2335 2103 2411 possit
2127 2333 2271 2410 quin
2324 2331 2626 2390 referatur
2674 2330 2751 2389 ad

456 2437 864 2498 Christianum
915 2459 1026 2517 per
1075 2443 1274 2496 totum
1304 2437 1526 2496 librum
1578 2456 1698 2494 non
1750 2436 2071 2512 reperitur.
2174 2433 2260 2492 At
2310 2432 2501 2492 multa
2550 2450 2751 2490 occur-

451 2545 596 2599 runt
663 2561 815 2623 quae
871 2538 1218 2599 Christiano
1269 2538 1544 2598 tribuere
1615 2537 2005 2606 dubitaveris,
2071 2534 2264 2593 multa
2328 2533 2547 2593 desunt
2598 2553 2751 2610 quae

452 2648 522 2700 ut
571 2644 1089 2720 praetermitteret
1128 2640 1507 2700 Christianus
1558 2642 1661 2699 vix
1710 2660 1745 2697 a
1798 2660 1861 2697 se
1912 2636 2346 2715 impetraverit.
2400 2634 2579 2693 Haud
2630 2636 2751 2693 scio

453 2762 528 2799 an
579 2742 722 2801 talis
775 2742 1008 2819 qualem
1035 2741 1363 2800 Fleischer-
1383 2740 1515 2816 vult
1545 2739 1926 2800 Christianus
1964 2734 2287 2799 nonnullas
2339 2734 2751 2793 dubitationes

461 2842 662 2912 tollat,
716 2843 820 2902 sed
878 2848 1116 2901 restant
1166 2842 1459 2919 plurimae
1511 2847 1575 2900 et
1625 2845 2034 2918 gravissimae.
2138 2836 2411 2912 Denique
2451 2837 2749 2894 librorum

453 2944 806 3003 biblicorum
859 2945 1119 3022 scriptor
1169 2946 1382 3019 utique
1425 2943 1656 3002 nullam
1681 2944 1898 3009 habuit
1948 2945 2248 3003 notitiam·
2354 2935 2751 2995 Inveniuntur

451 3046 568 3103 loci
633 3045 852 3122 quibus
920 3046 982 3102 in
1033 3045 1327 3103 librorum
1394 3044 1753 3104 biblicorum
1820 3049 2163 3105 memoriam
2212 3039 2509 3096 revoceris
2534 3046 2570 3107 ¹2
2642 3036 2746 3095 8θᾶ

453 3152 512 3204 et
563 3147 852 3205 rarissimi
922 3152 1064 3205 sunt
1141 3152 1204 3205 et
1271 3151 1400 3204 tam
1450 3145 1669 3227 leviter
1700 3134 1893 3206 'voces
1942 3148 2198 3206 biblicae
2267 3138 2604 3213 attingam,
2676 3141 2747 3195 ¹1¹⁵

453 3248 737 3323 quopiam
801 3251 980 3324 pacto
1033 3267 1106 3305 ex
1149 3249 1234 3305 eis
1297 3246 1559 3324 pendere
1624 3249 1851 3305 censeri
1903 3269 2024 3307 non
2064 3240 2318 3326 possint.
2426 3238 2551 3297 Iam
2604 3257 2745 3295 voro

452 3352 515 3406 et
566 3347 804 3407 Veteris
855 3357 920 3405 et
969 3347 1125 3407 Novi
1179 3346 1551 3406 Testamenti
1620 3347 1809 3406 libros
1884 3352 1947 3406 in
2012 3370 2185 3408 usum
2234 3338 2580 3398 conferendi
2632 3358 2745 3415 Pro

452 3450 732 3526 opusculi.
773 3455 1130 3524 argumento
1183 3449 1464 3526 scriptori
1516 3450 1861 3525 saepissime
1914 3452 2141 3514 occasio
2195 3437 2421 3511 offlam,
2488 3439 2789 3497 facustass·

449 3550 630 3619 facta‚
677 3569 822 3607 ansa
873 3548 1016 3607 data
1069 3550 1189 3608 fuit
1205 3554 1249 3608 2.
1329 3548 1384 3607 E
1427 3551 1730 3608 contrario
1782 3552 1845 3609 in
1892 3550 2153 3611 Arabem
2198 3540 2744 3642 Muhammadanis-

449 3692 496 3697 ...-
655 3687 842 3697 -.-,.,--

653 3741 670 3771 ¹
711 3739 781 3793 ad
805 3756 923 3815 cap.
962 3739 1013 3807 3,
1056 3740 1194 3793 5-6
1231 3739 1302 3793 cf.
1340 3738 1416 3795 10.
1465 3740 1616 3809 15,1
1648 3760 1789 3811 sqq.;
1830 3742 1899 3795 ad
1936 3760 2054 3811 cap.
2084 3745 2133 3811 2,
2176 3744 2225 3795 9.
2264 3743 2339 3812 (5,
2378 3742 2445 3809 7.)
2488 3740 2569 3809 11,
2606 3743 2639 3795 6
2676 3740 2749 3795 cf.

449 3827 610 3881 Prov.
651 3826 698 3893 1,
740 3826 822 3879 17.
863 3826 936 3895 (6,
977 3826 1134 3894 5.,)7
1172 3828 1270 3895 23;
1328 3828 1399 3881 ad
1434 3845 1552 3897 cap.
1592 3831 1643 3896 5,
1682 3829 1819 3883 70f.
1858 3830 1988 3884 Hos,
2026 3832 2077 3899 4,
2120 3830 2199 3885 11.
2258 3828 2427 3884 Eccli.
2466 3829 2549 3895 19,
2582 3829 2641 3896 2;
2679 3828 2749 3883 ad

449 3934 570 3985 cap.
609 3915 658 3982 5,
697 3914 838 3968 Scf.
877 3914 1038 3969 Prov.
1077 3916 1165 3984 23,
1203 3916 1300 3984 343
1342 3916 1414 3971 ad
1449 3934 1569 3986 cap.
1612 3920 1661 3985 7,
1698 3920 1731 3971 8
1775 3917 1849 3986 (1,
1886 3918 1939 3987 3)
1976 3919 2045 3973 cf.
2088 3919 2245 3973 Rom.
2288 3919 2336 3986 1,
2376 3921 2474 3987 203
2521 3918 2747 3987 adcap.

453 4007 535 4071 11,
577 4006 644 4057 12
686 4003 756 4057 cf.
795 4002 962 4059 Eccli.
1001 4007 1051 4072 7
1093 4007 1244 4059 12.

649 4093 671 4124 ²
708 4091 797 4144 Ad
832 4092 1192 4147 christianam
1232 4092 1366 4146 libri
1425 4094 1700 4163 originem
1750 4094 2091 4163 probandam
2128 4094 2363 4149 forsitan
2397 4094 2467 4147 ad
2505 4093 2747 4147 Abulba·

424 4178 633 4251 ,rakati
669 4181 1050 4236 testimonium
1091 4184 1496 4251 provocaveriS,
1556 4184 1653 4252 qui
1690 4187 1917 4238 auctore
1966 4182 2007 4237 1.
2043 4182 2095 4237 S.
2128 4183 2416 4238 Assemani
2466 4184 2526 4237 in
2563 4184 2748 4252 operis

451 4284 620 4336 supra
653 4268 866 4321 laudati
904 4270 1087 4337 capite
1108 4269 1344 4337 septimo
1378 4286 1487 4338 quo
1524 4268 1591 4323 de
1626 4270 1990 4339 scriptor-ibus
2028 4270 2411 4325 ecclesiasticis
2446 4270 2564 4341 agit
2598 4286 2748 4323 men-

449 4355 654 4409 tionem
693 4357 809 4409 eius
849 4354 1069 4410 inferat.
1147 4357 1223 4410 At
1259 4374 1321 4410 ea
1359 4375 1424 4411 ex
1461 4374 1524 4409 re
1563 4358 1856 4427 quominus
1904 4360 2219 4427 argumenti
2258 4359 2392 4429 quid
2429 4363 2584 4428 petas
2620 4348 2779 4428 pro-⁹

447 4444 656 4500 hiberis
703 4446 950 4499 tenebris
980 4445 1386 4501 Abulbarakati
1420 4448 1568 4501 libro
1607 4446 1820 4516 offusis3
1859 4448 2027 4501 immo
2064 4448 2361 4502 secundum
2399 4449 2568 4504 verba
2603 4464 2743 4517 quae

447 4533 732 4589 Assemani
745 4535 971 4589 exhibet
985 4535 1371 4619 {bulbarakfit
1382 4536 1501 4607 utiq
1508 4553 1576 4590 ue
1592 4536 1663 4591 ad
1673 4536 1991 4592 Hermetem
2010 4541 2293 4592 auctorem
2310 4538 2517 4593 librum
2530 4537 2741 4593 retulit.
