3099 5147
1392 431 1540 489 >125

324 628 603 687 Dieterici
646 627 769 687 Der
816 626 1001 687 Streit
1041 646 1145 685 zw.
1192 626 1275 685 M.
1321 646 1377 685 u.
1426 624 1537 684 Th.
1582 645 1640 701 p.
1687 625 1788 685 95.
1832 623 2104 683 Ceterum
2147 624 2220 683 cf.
2269 646 2317 684 c.
2367 623 2422 694 1,
2457 623 2618 681 5-6

324 736 386 787 et
430 750 479 788 c.
531 730 589 801 6,
638 732 694 789 9.
1001 811 1005 816 ,

409 835 433 893 '.
526 834 583 912 ἓ.
647 840 909 895 9--10.
1014 834 1101 893 De
1152 834 1354 894 studio
1397 854 1596 893 rerum
1655 832 2048 891 humanarum
2118 836 2380 893 omnium
2445 837 2620 895 vitio-

326 958 457 997 rum
507 940 678 1015 quasi
722 938 921 995 radice
967 936 1221 1013 quadam
1283 957 1338 995 v.
1392 955 1441 993 c.
1504 936 1566 1003 3,
1625 936 1686 993 9.

527 1035 583 1113 ξ.
648 1040 957 1112 1‚1—13.
1062 1036 1456 1095 Perfectionis
1506 1039 1693 1112 atque
1737 1032 2137 1093 absolutionis
2181 1034 2436 1111 gradum
2488 1056 2621 1093 eum

326 1139 621 1209 obtinere,
677 1140 781 1215 qui
822 1141 937 1197 scit
990 1143 1051 1195 et
1096 1140 1243 1213 agit,
1292 1136 1568 1214 pluribus
1622 1136 1944 1213 exponitur
1993 1154 2042 1191 c.
2077 1137 2140 1205 4,
2186 1138 2296 1194 13.
2347 1167 2446 1176 —
2498 1136 2620 1194 Ho-

329 1242 505 1298 minis
555 1259 907 1317 progressus
954 1238 1383 1316 profectusque
1433 1236 1682 1295 Fratres
1735 1235 1962 1295 Sinceri
2013 1256 2252 1312 quoque
2295 1238 2620 1313 praemisso

330 1340 575 1417 plantae
630 1340 901 1418 exemplo
951 1338 1297 1397 illustrant:
1381 1336 1670 1395 Dieterici
1721 1335 1832 1394 Die
1883 1334 2081 1393 Lehre
2131 1356 2246 1396 von
2298 1336 2405 1395 der
2427 1338 2621 1397 Welt-

329 1441 481 1500 seele
540 1462 598 1519 p.
642 1444 723 1500 20
758 1460 887 1517 sqq.
944 1470 1025 1479 -—-
1070 1429 1338 1513 Corpora
1395 1440 1598 1498 divina
1654 1434 1736 1514 (ἓ.
1809 1433 1924 1510 13)
1989 1442 2130 1495 sunt
2192 1456 2445 1515 corpora
2491 1459 2621 1497 coe-

328 1540 525 1597 lestia.
632 1537 892 1597 Dubitat
956 1540 1149 1615 igitur
1217 1541 1476 1617 scriptor
1536 1544 1742 1599 utrum
1801 1535 2014 1595 stellae
2065 1538 2141 1595 ad
2195 1538 2620 1597 conformanda

334 1646 518 1716 atque
570 1639 895 1697 excolenda
946 1658 1015 1697 ea
1062 1658 1214 1715 quae
1267 1626 1426 1699 idfra
1478 1639 1678 1697 lunam
1735 1640 2072 1715 gignuntur
2117 1638 2359 1699 valeant
2395 1660 2471 1697 an
2499 1660 2620 1697 non

334 1739 595 1810 valeant,
652 1760 831 1816 quam
880 1737 1192 1798 stellarum
1249 1742 1365 1799 vim
1408 1739 1656 1797 Fratres
1697 1738 1925 1797 Sinceri
1974 1758 2093 1796 non
2139 1740 2330 1809 solum
2375 1760 2620 1817 persua-

334 1860 457 1897 sam
512 1839 741 1897 habent
791 1839 895 1898 sed
945 1841 1128 1897 etiam
1180 1842 1421 1916 integra
1465 1841 1970 1919 commentatione
2029 1839 2140 1897 25.
2193 1871 2292 1880 —
2335 1840 2622 1899 Dieterici

335 1938 445 1997 Die
498 1938 983 2017 Anthropologie
1043 1962 1103 2017 p.
1158 1942 1244 1998 64
1300 1961 1434 2018 sqq.
1498 1971 1602 1981 —·
1660 1940 2064 2017 copiosissime
2132 1946 2316 2018 atque
2383 1961 2622 2001 accura-

332 2042 561 2099 tissime
612 2039 980 2099 describunt.
1834 2026 1841 2035 Χ

530 2137 585 2215 ἓ.
650 2142 957 2199 14—15.
1062 2140 1299 2209 Subest,
1352 2142 1415 2197 ni
1466 2138 1666 2209 fallor,
1711 2140 1961 2215 imagini
2011 2142 2314 2198 sententia
2363 2161 2460 2199 res
2511 2140 2622 2201 sub

334 2260 538 2299 sensus
586 2240 867 2299 cadentes
918 2240 992 2298 ad
1039 2242 1440 2317 cognitionem
1493 2260 1691 2297 rerum
1743 2242 2118 2317 superiorum
2169 2241 2496 2318 perducere
2530 2240 2624 2302 vel

336 2361 408 2398 ex
462 2342 547 2399 eis
600 2361 753 2418 quae
804 2346 1008 2399 creata
1052 2345 1193 2399 sunt
1246 2361 1377 2399 eum
1432 2342 1536 2417 qui
1583 2343 1809 2399 creavit
1861 2343 2137 2417 cognosci
2189 2362 2360 2419 posse
2381 2360 2408 2399 :-
2449 2362 2498 2400 c.
2563 2346 2622 2412 1,

345 2443 407 2499 3.
472 2444 533 2511 7,
592 2444 655 2499 8.

1283 2671 1379 2730 Ad
1434 2691 1567 2748 cap.
1627 2673 1690 2730 3.

533 2841 588 2920 ξ.
652 2847 861 2903 1-4Α·
962 2843 1081 2903 Est
1124 2848 1317 2924 prima
1351 2846 1664 2922 scriptoris
1691 2845 1994 2902 sententia
2029 2845 2288 2902 animam
2317 2845 2378 2903 in
2402 2843 2623 2902 mundo

334 2944 658 3003 exsistendi
711 2951 896 3021 atque
948 2946 1286 3003 intereundi
1358 2949 1543 3004 vitam
1597 2965 1776 3021 agere
1828 2951 2080 3002 naturae
2148 2946 2335 3021 ipsius
2387 2949 2623 3003 contra-

334 3047 483 3102 riam
539 3063 785 3120 eamque
838 3044 915 3101 ob
968 3065 1091 3102 rem
1147 3047 1477 3102 necessario
1507 3065 1710 3103 omnes
1750 3047 1989 3121 perpeti
2031 3045 2395 3102 acerbitates
2432 3064 2623 3121 neque

334 3146 447 3203 nisi
500 3147 588 3201 ita
661 3145 925 3220 quietem
988 3165 1201 3221 capere
1270 3149 1341 3201 ut
1395 3166 1424 3201 e
1477 3144 1659 3203 rebus
1714 3144 1988 3201 humanis
2053 3145 2337 3215 excedat3
2415 3145 2493 3203 cf.
2547 3145 2622 3203 ad

335 3267 383 3303 c.
447 3245 506 3316 5,
569 3245 779 3301 2—5.
1263 3323 1271 3326 ‚

531 3341 586 3420 ξ.
649 3345 859 3402 5-6,
966 3343 1053 3404 De
1104 3346 1335 3402 animae
1389 3364 1517 3402 oum
1559 3342 1669 3402 deo
1720 3345 2240 3401 coniunctione-ac
2266 3348 2624 3421 cognatione

337 3467 389 3504 v.
446 3465 495 3502 c.
544 3447 603 3515 9,
662 3447 725 3502 4.

534 3541 589 3620 ἓ.
651 3547 712 3604 7.
815 3543 1010 3602 Locus
1056 3564 1301 3621 prorsus
1348 3546 1558 3603 similis
1609 3565 1658 3602 c.
1705 3547 1762 3612 6,
1825 3545 2009 3602 5—6
2052 3547 2330 3603 occurrit.
2386 3545 2622 3622 Subest,

241 3633 259 3651 ⁸⁸
335 3650 404 3703 ut
456 3646 714 3715 videtur,
770 3650 1158 3722 praeceptum
1210 3649 1467 3704 animam
1512 3665 1764 3723 corpore
1817 3651 2055 3703 mortuo
2092 3647 2142 3703 si
2178 3666 2378 3705 rerum
2414 3646 2622 3705 huma-

333 3765 542 3805 narum
617 3745 881 3804 studium
948 3767 1067 3804 non
1133 3746 1453 3817 abiecerit,
1524 3749 1588 3804 in
1653 3747 1872 3805 mundo
1941 3765 2145 3804 sensus
2217 3768 2622 3806 remansuram

334 3866 496 3918 esse3
547 3847 625 3905 cf.
677 3867 727 3905 c.
793 3849 902 3916 14,
960 3848 1021 3905 2.

534 3943 589 4021 ξ.
651 3949 712 4004 8.
842 3949 1092 4022 Captiva
1150 3945 1371 4004 dicitur
1449 3947 1648 4002 anima
1726 3965 1878 4021 quae
1952 3965 2151 4003 rerum
2230 3947 2623 4004 humanarum

334 4046 535 4103 studio
587 4047 824 4103 incensa
882 4068 949 4105 ac
1003 4048 1174 4124 quasi
1228 4043 1665 4121 quodammodo
1700 4051 1877 4122 capta
1915 4051 2006 4103 est
2039 4051 2100 4102 et
2152 4051 2342 4117 tenta,
2395 4052 2626 4122 mortua

334 4151 534 4202 autem
590 4151 680 4203 est
732 4147 929 4204 anima
982 4166 1134 4223 quae
1188 4145 1553 4222 cupiditates
1606 4146 1869 4202 coercuit
1922 4145 2320 4223 libidinesque
2358 4145 2622 4227 refrenass

335 4247 424 4306 vit
476 4247 661 4322 atoue
715 4266 750 4303 a
802 4247 983 4304 rebus
1036 4245 1310 4303 humanis
1361 4248 1642 4304 revocata
1694 4248 1789 4301 est
1841 4249 1903 4303 et
1955 4243 2216 4303 abducta
2258 4243 2414 4320 (dem
2457 4249 2616 4306 Irdz'·

332 4349 508 4408 seben
552 4339 957 4424 abyestorben)
1000 4377 1100 4387 --
1150 4345 1227 4403 cf.
1270 4366 1318 4402 c.
1370 4349 1432 4416 4,
1496 4347 1778 4402 11—-12
1835 4339 1968 4415 —';
2021 4366 2174 4422 quae
2209 4353 2300 4404 est
2336 4346 2620 4423 loquendi

332 4452 492 4506 ratio
544 4469 579 4505 a
631 4444 1081 4523 Neoplatonicis
1150 4432 1407 4523 sumpta,
1485 4467 1517 4504 e
1573 4440 1789 4521 quibus
1854 4445 2180 4504 multorum
2233 4445 2362 4505 loco
2416 4447 2622 4506 audias
