3099 5147
1419 455 1565 516 XIV

259 691 264 696 -
347 670 504 710 mum
557 651 947 729 profitentem
999 660 1064 713 et
1113 674 1330 730 graeca
1381 653 1767 734 philosophia
1835 641 2039 734 aliquo
2102 662 2283 734 pacto
2332 657 2632 717 imbutum

339 758 763 828 argumentum
818 753 961 812 libri
989 761 1236 832 prors'us
1288 756 1571 832 quadrat.
1624 756 1927 836 Imprimis
1978 776 2048 815 ea
2100 777 2252 835 quae
2278 779 2408 836 cap.
2444 761 2505 829 6,
2540 763 2569 818 l
2587 761 2625 818 4
2718 771 2721 774 ’

335 853 409 910 de
464 855 843 912 matrimonio
893 862 1316 934 proponuntur
1369 862 1741 935 quantopere
1791 879 1829 918 a
1883 855 2227 918 Christiano
2279 858 2629 930 abhorrent,

335 958 652 1032 tantopere
703 957 766 1014 in
814 955 1386 1042 Mubammadanum
1437 958 1681 1018 cadunt.
1786 959 1942 1032 Quid
1990 959 2235 1018 autem?
2288 961 2447 1038 quod
2499 980 2628 1039 cap.

343 1059 402 1125 1,
461 1057 494 1112 7
555 1061 618 1114 et
669 1075 799 1134 cap.
861 1060 921 1128 8,
983 1060 1170 1118 6-——8
1239 1063 1453 1137 aperta
1505 1064 1747 1120 exstant
1798 1062 2055 1136 vestigia
2106 1060 2451 1138 theologiae
2502 1082 2663 1121 mu-.

339 1155 814 1254 bammadanae?
884 1158 980 1217 Ita
1025 1159 1206 1218 rebus
1258 1162 1608 1242 constitutis
1659 1161 1821 1220 haud
1874 1162 2089 1221 dubito
2116 1163 2471 1239 scriptorem
2521 1183 2630 1240 po·

335 1285 562 1344 stulare
620 1282 1210 1376 Mubammadanum.

532 1410 802 1468 Patriam
850 1413 1162 1488 scriptoris
1216 1410 1278 1467 in
1323 1410 1510 1468 dubio
1562 1429 1740 1486 pono,
1847 1410 2152 1470 Fleischer
2201 1414 2243 1471 l.
2294 1412 2336 1472 l.
2390 1434 2450 1491 p.
2487 1411 2627 1471 VIII

341 1512 453 1572 Stil
497 1515 620 1571 und
667 1513 933 1586 Sprache
1009 1514 1099 1570 ait
1177 1514 1386 1573 deuien
1450 1511 1567 1582 auf
1598 1511 1904 1587 Aeyypten
1942 1514 2063 1572 hin.
2182 1513 2345 1585 Quae
2366 1510 2400 1517 ⁴
2428 1518 2629 1572 tamen

313 1617 632 1674 sententia
677 1615 932 1673 multum
992 1613 1141 1670 mihi
1212 1613 1435 1672 habere
1502 1615 1743 1674 videtur
1807 1617 2227 1676 dubitationis
2330 1613 2412 1673 In
2464 1615 2623 1690 stylo

333 1706 651 1792 scriptoris
697 1735 816 1794 quo
868 1719 1048 1793 pacto
1092 1716 1328 1790 patriae
1374 1716 1501 1773 eius
1553 1719 1875 1794 vestigium
1927 1719 2092 1775 cerni
2136 1717 2329 1794 possit
2380 1734 2627 1793 prorsus

331 1837 453 1874 non
503 1816 695 1875 video,
801 1816 1100 1892 Linguam
1165 1820 1368 1872 autem
1419 1815 1581 1892 quod
1646 1821 1889 1888 attinet,
1961 1837 2031 1876 ea
2082 1816 2500 1876 tantummodo
2552 1816 2629 1873 ad

332 1915 588 1975 calculos
636 1919 835 1976 vocari
886 1918 1138 1994 possunt
1163 1935 1316 1992 quae
1365 1919 1494 1973 tum
1541 1937 1725 1993 quum
1758 1919 1915 1976 liber
1940 1919 2169 1996 prodiit
2220 1917 2375 1974 alius
2424 1921 2627 1975 terrae

334 2021 618 2076 sermonis
670 2020 938 2096 propria,
992 2017 1070 2074 ab
1123 2016 1278 2074 alius
1329 2021 1442 2074 usu
1494 2018 1692 2076 aliena
1724 2019 1995 2078 fuerunt.
2098 2018 2184 2076 At
2236 2036 2375 2076 vero
2428 2037 2623 2094 neque

332 2123 498 2176 aetas
551 2121 881 2196 scriptoris,
947 2123 1018 2174 ut
1078 2116 1240 2175 illico
1293 2118 1635 2195 apparebit,
1701 2126 1875 2178 extra
1938 2119 2189 2178 dubium
2239 2122 2515 2176 versatur
2564 2122 2627 2175 et

333 2219 588 2278 historia
655 2221 899 2295 linguae
965 2218 1240 2276 arabicae
1293 2237 1422 2276 eam
1489 2219 1731 2295 quidem
1797 2222 1863 2278 in
1940 2225 2177 2298 partem
2240 2220 2305 2276 in
2356 2218 2625 2277 tenebris

331 2321 488 2378 iacet
509 2323 548 2378 ¹.
636 2319 884 2388 ‚Deinde
956 2319 1246 2376 eiusmodi
1273 2339 1288 2354 ‘
1319 2322 1608 2377 sermonis
1660 2323 2069 2399 proprietates
2131 2322 2196 2377 in
2246 2321 2331 2378 eis
2384 2320 2625 2396 potissi-

332 2425 490 2480 mum
542 2421 846 2479 vocabulis
897 2421 1132 2497 positae
1183 2424 1324 2477 sunt
1360 2419 1579 2495 quibus
1632 2441 1727 2480 res
1755 2421 2173 2498 significantur
2224 2439 2373 2496 quas
2424 2421 2624 2497 quoti-

332 2521 544 2580 dianus
597 2523 758 2581 vitae
828 2540 968 2579 usus
1037 2520 1178 2590 fert,
1246 2519 1448 2596 qualia
1517 2522 1811 2581 vocabula
1880 2524 1945 2580 in
2014 2527 2223 2580 nostro
2298 2519 2457 2606 libro
2514 2539 2627 2599 pro

332 2624 624 2699 singulari
673 2626 802 2681 eius
863 2621 1066 2679 indole
1131 2640 1270 2679 raro
1323 2627 1663 2680 occurrunt.
1766 2622 2039 2700 Denique
2106 2621 2409 2679 codicibus
2475 2621 2627 2681 adeo

291 2724 496 2781 -inter
559 2744 684 2783 sese
751 2722 1180 2782 dissidentibus
1253 2742 1430 2798 saepe
1500 2726 1817 2799 quaeritur
1890 2728 2097 2782 utrum
2177 2722 2320 2799 quid
2384 2743 2421 2780 a
2481 2721 2625 2779 libri

333 2830 578 2883 auctore
643 2844 720 2884 an
741 2884 754 2891 ,
784 2844 819 2883 a
887 2825 1085 2882 nescio
1138 2842 1256 2899 quo
1309 2820 1563 2881 librario
1628 2824 2021 2902 repetendum
2087 2825 2188 2882 sit.
2241 2854 2341 2863 -—-
2392 2821 2625 2881 Maiore

335 2925 590 2983 fortasse
639 2927 771 2983 iure
823 2926 1214 3001 aegyptiacae
1266 2922 1460 2981 libelli
1511 2926 1763 3001 originis
1815 2927 2218 2983 coniecturam
2286 2944 2360 2981 ex
2409 2943 2481 2981 eo
2532 2942 2624 2981 ce·
2708 2930 2712 2934 '

330 3028 491 3102 peris
544 3026 703 3103 quod
749 3030 814 3084 et
842 3025 1116 3083 Hermeti
1165 3024 1504 3083 attributus
1556 3030 1650 3083 est
1702 3031 1765 3085 et
1814 3028 1878 3083 in
1930 3024 2381 3083 Abulbarakati
2431 3021 2623 3103 (pres-

329 3126 532 3205 byteri
596 3122 914 3203 Aegyptii)
965 3126 1272 3203 ¹notitiam
1324 3127 1510 3183 venit.
1616 3126 1732 3185 Sed
1813 3127 2114 3204 explorati
2178 3125 2324 3203 quid
2381 3125 2623 3183 omnino

329 3247 448 3286 non
495 3227 708 3286 habeo.
2638 3224 2651 3237 '

529 3328 744 3387 Paullo
811 3330 1006 3385 minus
1071 3324 1322 3399 obscura
1390 3332 1482 3385 est
1552 3330 1825 3403 quaestio
1884 3328 1958 3387 de
2022 3328 2337 3405 scriptoris
2399 3330 2622 3383 aetate.

547 3567 565 3597 ¹
607 3565 978 3633 Reperiantur
1021 3564 1290 3619 vocabula
1347 3564 1512 3617 hodie
1556 3565 1703 3632 apud
1743 3566 2046 3635 Aegyptios
2082 3582 2239 3617 more
2294 3570 2348 3618 et
2395 3583 2491 3617 usu
2542 3582 2625 3618 re-

332 3656 508 3720 cepta,
544 3652 674 3705 licet
710 3668 900 3705 vocem
931 3653 1221 3721 Aegyptiis
1258 3654 1594 3721 peculiarem
1630 3659 1797 3722 atque
1838 3672 1871 3706 a
1888 3652 2149 3721 Syrorum
2175 3652 2259 3720 (ut
2282 3653 2416 3706 alias
2447 3656 2627 3707 terras

277 3790 288 3796 -
331 3741 795 3810 praetermittam)
833 3740 1230 3795 consuetudine
1257 3741 1495 3793 alienam
1533 3758 1563 3793 e
1607 3741 1792 3795 libello
1832 3744 2026 3795 nostro
2064 3738 2233 3793 affere
2262 3742 2517 3794 nesciam.
2558 3771 2623 3778 --

331 3829 469 3884 Sane
505 3808 632 3897 bap.
672 3832 723 3898 9,
761 3830 793 3882 7
829 3818 1024 3921 eil-*224
1103 3844 1298 3883 merces
1346 3829 1585 3899 legitur3
1640 3833 1698 3882 at
1742 3831 1925 3883 minus
1974 3831 2230 3881 accurate
2272 3828 2626 3894 Burckhardt

331 3918 540 3973 Arabio
578 3918 856 3986 proverbe.
921 3916 1158 3970 London
1228 3920 1386 3971 1830.
1447 3936 1501 3985 p.
1543 3919 1611 3971 79
1701 3917 1776 3970 In
1835 3916 2003 3987 Syria
2068 3916 2254 3984 inquit
2328 3917 2417 3971 the
2486 3922 2623 3971 term

330 4023 430 4093 ὁ)
441 4041 458 4081 ,
523 4005 574 4058 is
613 4004 746 4059 used
776 3997 831 4059 t'o
852 4020 1073 4073 cmpress·
1104 4005 1561 4072 ‚‚merchand·ise“,
1600 4005 1775 4059 which
1796 4005 1858 4081 in
1878 4003 2071 4074 qupt
2104 4004 2155 4057 is
2173 4003 2346 4059 called
2397 3994 2621 4085 Χάεος,

329 4107 461 4182 quia
524 4127 654 4198 33)
689 4110 912 4179 quidem
931 4109 1179 4177 (notione
1200 4110 1420 4176 mercis)
1448 4110 1713 4179 Syrorum
1738 4111 2029 4178 proprium
2062 4113 2162 4176 est,
2198 4096 2399 4160 2122an
2438 4110 2625 4160 autem

329 4197 563 4251 testibus
615 4200 656 4252 Ι.
697 4198 979 4268 Berggren
1022 4198 1224 4253 Guide
1255 4193 1701 4265 franchis-arabe
1738 4198 1999 4267 vulyairc.
2052 4194 2250 4265 Upsal.
2292 4198 2448 4247 1844.
2487 4212 2527 4247 s.
2569 4212 2621 4247 v,

330 4288 714 4343 marchandise
733 4293 789 4341 et
803 4288 868 4342 R.
883 4287 940 4341 P.
958 4288 1138 4342 Cuehe
1156 4288 1552 4343 Dictionnaire
1571 4287 2023 4354 arabe-francaiS.
2048 4284 2494 4340 Beirouth1862.
2514 4298 2557 4337 s.
2574 4298 2623 4335 v.

329 4382 531 4463 Kal-mg*
567 4410 680 4447 non
695 4392 987 4465 Aegyptiis
1028 4393 1430 4461 tantummodo,
1471 4392 1565 4447 sed
1596 4393 1762 4447 etiam
1802 4392 1953 4463 Syris
1989 4393 2259 4445 usitatum
2304 4392 2402 4442 est.
2424 4416 2487 4426 -
2518 4385 2624 4439 Sed

325 4496 432 4555 hoc
469 4498 612 4559 nihil
649 4499 719 4563 ad
755 4517 898 4561 rem:
935 4517 1173 4571 namque
1209 4500 1434 4564 omniuo
1469 4518 1582 4557 non
1622 4500 1809 4571 agitur
1845 4517 1973 4555 usus
2010 4497 2329 4553 hodiernus.
