3099 5147
1480 452 1539 513 X

386 660 604 714 metem
659 654 1121 729 Trismegistum
1173 653 1423 739 et-Tat¹
1479 655 1835 732 discipulum
1876 658 2191 716 institutos
2217 665 2281 716 et
2303 679 2413 736 per
2439 660 2679 718 modum
2767 650 2771 653 ’

385 755 804 833 interrogandi
857 761 922 812 et
971 754 1388 832 respondendi,
1423 757 1787 834 compositos
1838 777 2030 834 neque
2082 759 2160 816 ad
2210 761 2443 818 cert'um
2492 781 2677 837 quen-

385 857 524 916 dam
571 876 774 914 rerum
825 855 1095 913 ordinem
1142 860 1452 914 revocatos
1503 858 1567 913 in
1594 855 1901 932 Syriacum
1951 877 2153 918 versos
2180 879 2307 918 esse
2358 880 2677 938 versosque

328 999 344 1030 ⁵-
383 959 572 1036 ipsius
625 956 1000 1034 temporibus
1053 957 1372 1014 exstitisse.
1430 955 1541 1028 Qui
1594 956 1750 1016 liber
1798 957 1952 1014 nihil
1990 959 2157 1018 aliud
2206 959 2389 1020 fuisse
2440 961 2681 1020 videtur

383 1059 500 1116 nisi
536 1059 966 1135 interpretatio
1017 1057 1130 1113 τῶν
1171 1051 1314 1132 πρὸς
1357 1051 1492 1113 Τάτ
1533 1056 1679 1116 solis
1705 1057 2065 1135 fragmentis
2098 1065 2471 1118 servatorum
2524 1081 2677 1138 quae

388 1158 682 1218 Stobaeus
734 1157 812 1216 ab
865 1155 1170 1214 oblivione
1221 1156 1546 1215 vindicavit
1596 1163 1663 1215 et
1708 1156 1797 1216 cl.
1830 1157 1902 1216 L.
1957 1159 2213 1219 Menard
2240 1161 2489 1220 Hermes
2517 1164 2679 1223 Tris·

386 1259 625 1336 meyiste·
668 1303 681 1316 .
725 1301 739 1317 .
779 1300 793 1314 .
846 1259 910 1316 2.
957 1256 1047 1316 ed.
1102 1257 1246 1315 Par.
1287 1260 1464 1316 1867.
1513 1279 1576 1336 p.
1620 1259 2007 1318 225--256
2039 1251 2358 1338 collegit²;
2402 1263 2679 1340 idemque

387 1379 420 1418 e
488 1359 730 1436 Syriaco
791 1357 970 1416 facile
1041 1358 1107 1414 in
1167 1357 1439 1416 arabicas
1505 1358 1717 1417 literas
1776 1359 2108 1436 translatus
2158 1364 2261 1420 sit.
2365 1362 2480 1422 Sed
2531 1366 2682 1421 certi

382 1460 529 1538 quid
578 1460 814 1536 exquiri
859 1477 981 1514 non
1031 1461 1255 1534 potest.

579 1559 888 1618 Permulta
939 1563 1139 1616 autem
1190 1577 1345 1634 quae
1395 1557 1474 1616 ab
1525 1559 1673 1636 ipsis
1722 1560 2000 1642 profecta
2048 1567 2195 1620 sunt
2244 1562 2477 1622 Arabes
2528 1563 2679 1622 Her·
2716 1583 2721 1587 ·

382 1665 527 1720 meti
581 1660 974 1735 Trismegisto
1027 1659 1462 1716 attribuerunt.

581 1761 668 1819 Ao
719 1761 978 1837 primum
1030 1760 1270 1836 quidem
1321 1757 1669 1816 Hermetem
1740 1762 1803 1817 in
1856 1781 2105 1821 numero
2157 1765 2421 1824 virorum
2472 1765 2677 1824 claris-

381 1864 664 1921 simorum
709 1861 1110 1930 .habuerunt,
1179 1880 1214 1916 a
1291 1859 1508 1936 quibus
1578 1861 1732 1918 varii
1804 1864 2043 1938 generis
2116 1871 2443 1941 praecepta
2516 1865 2678 1942 apud

381 1966 543 2040 ipsos
593 1961 902 2020 celebrata
936 1965 1214 2037 repetere
1245 1960 1462 2030 solent,
1515 1979 1681 2037 quae,
1696 1961 1937 2022 illorum
1968 1957 2244 2023 „induant
2291 1968 2675 2024 auctoritate.

381 2063 534 2121 Hinc
583 2063 745 2120 inter
795 2061 947 2120 alios
998 2060 1246 2119 Hermes
1291 2079 1532 2137 quoque
1582 2064 1820 2139 saepius
1870 2068 2033 2122 recte
2084 2065 2321 2124 vivendi
2386 2068 2677 2143 magister

380 2164 637 2222 exsistit.

582 2263 708 2320 Iam
760 2261 996 2360 lionein
1041 2259 1166 2341 ben
1217 2260 1402 2356 Ishaq
1449 2262 1513 2318 in
1565 2260 1722 2320 libro
1774 2264 1871 2320 cui
1909 2264 2263 2324 inscribitur
2298 2268 2679 2340 Philosopho-

382 2413 516 2454 rum
561 2394 720 2452 dicta
762 2389 1014 2448 moralia
1051 2392 1122 2444 ut
1172 2386 1428 2444 aliorum
1482 2383 1845 2445 Graecorum
1920 2390 2176 2448 nominis
2242 2391 2522 2448 claritate
2575 2409 2674 2447 ex-

384 2492 730 2550 cellentium
782 2489 871 2545 ita
923 2486 1224 2545 Hermetis
1277 2487 1610 2544 sententias
1662 2486 1873 2544 tradit.
1978 2487 2133 2547 Sunt
2166 2493 2423 2566 triginta
2468 2510 2677 2548 novem

385 2613 557 2652 voces
628 2591 703 2649 ad
773 2591 962 2648 vitam
1011 2608 1324 2664 moresque
1390 2593 1576 2675 atque
1642 2586 1841 2646 officia
1908 2596 2249 2667 spectantes
2320 2591 2676 2668 eaedemque

283 2728 287 2734 ·
383 2696 638 2752 maxima
691 2710 763 2748 ex
790 2694 966 2767 parte
999 2694 1127 2746 tam
1158 2688 1428 2747 breviter
1480 2706 1659 2764 quam
1691 2690 1960 2764 graviter
2010 2695 2193 2767 atque
2244 2696 2419 2751 acute
2445 2691 2677 2761 dictae-3

584 2890 602 2921 ¹
643 2886 842 2941 Exstat
887 2870 1120 2969 urbig-fo,
1197 2884 1334 2937 alias
1370 2884 1653 2937 invenitur
1690 2871 1881 2955 ..bl-103
1920 2889 2099 2953 atque
2152 2886 2235 2946 ita
2271 2886 2495 2954 quidem
2528 2893 2681 2941 recte

383 2976 663 3042 scribitur,
700 2974 798 3027 illa
822 2976 1008 3027 autem
1039 2972 1270 3039 scriptio
1309 2989 1338 3025 e
1373 2988 1572 3041 graeco
1601 2966 1795 3028 Τάτιος
1813 2970 1979 3024 fluxit
2018 2971 2167 3040 quod
2202 2990 2272 3027 ex
2290 2990 2478 3027 errore
2511 2976 2679 3029 libra-

378 3068 593 3120 riorum
633 3062 937 3115 latinorum
973 3061 1247 3128 originem
1283 3060 1504 3113 duxisse
1539 3058 1765 3113 videtur
1801 3076 1905 3127 pro
1942 3059 2121 3113 alieno
2155 3060 2253 3113 illo
2289 3060 2397 3116 'rat
2431 3063 2679 3131 ipsorum

381 3154 607 3207 Tatium
645 3150 1128 3216 substituentium3
1167 3166 1216 3201 v.
1251 3145 1612 3217 Bernaysium
1650 3147 1685 3201 l.
1720 3148 1753 3201 l.
1792 3166 1845 3217 p.
1884 3148 2183 3203 501—502.

585 3242 607 3274 ²
641 3239 727 3294 111.
773 3238 843 3292 de
899 3236 1034 3306 Sacy
1093 3236 1320 3291 Notices
1369 3241 1420 3290 et
1479 3236 1741 3292 Extraits
1789 3234 1879 3289 IV.
1938 3252 1992 3304 p.
2034 3235 2135 3289 113
2187 3236 2259 3289 de
2310 3236 2458 3291 libro
2514 3256 2676 3307 quem

378 3329 758 3383 Bai-hebraeus
805 3324 1140 3395 spectaverit
1175 3330 1257 3378 cet
1303 3339 1539 3393 ouvrayc
1572 3316 1661 3376 ait'
1690 3327 1771 3377 est
1808 3324 2363 3379 vraiscmblablement
2400 3327 2543 3380 celui
2578 3343 2679 3395 que

333 3440 339 3448 ·
378 3433 518 3471 nous
555 3431 726 3470 avons
763 3430 830 3468 en
857 3412 996 3467 Grec
1019 3428 1148 3465 sous
1184 3413 1232 3466 le
1261 3413 1390 3465 titre
1421 3412 1486 3465 de
1509 3408 1710 3481 Ἑρμοῦ
1744 3412 1840 3463 τοῦ
1874 3416 2263 3487 τρισιᾳεγίστου
2296 3409 2675 3483 Ποιμάνδρης.

380 3506 529 3573 Quae
567 3504 754 3573 opinio
801 3502 998 3570 utique
1043 3501 1101 3553 in
1140 3516 1330 3553 errore
1365 3502 1462 3551 est.
1535 3498 1761 3551 Etenim
1810 3499 2019 3567 scripta
2048 3498 2145 3551 illa
2179 3498 2321 3567 quae
2357 3518 2507 3554 nunc
2542 3500 2676 3553 Poe·

378 3592 625 3647 mandris
661 3592 886 3644 nomine
920 3586 1315 3657 comprehendi
1352 3586 1530 3641 solent
1580 3591 1760 3639 aetate
1794 3586 2131 3640 Bai-hebraei
2172 3605 2285 3641 non
2320 3588 2677 3641 confecerunt

378 3698 592 3750 corpus.
633 3680 774 3733 Sunt
809 3677 1255 3748 quattuordecim
1291 3675 1481 3743 libelli,
1522 3680 1588 3728 ut
1622 3676 1702 3728 ita
1720 3675 1915 3743 dicam,
1950 3680 2296 3744 argumente,
2332 3676 2528 3745 forma,
2566 3679 2674 3731 ori-

378 3772 508 3839 gine
543 3768 632 3823 vel
667 3768 908 3821 maxime
955 3766 1103 3819 inter
1143 3782 1257 3819 sese
1298 3764 1691 3832 discrepanteS‚
1740 3763 1837 3831 qui
1873 3764 2117 3830 primum
2154 3780 2187 3817 a
2223 3764 2425 3818 Ficino
2460 3766 2519 3818 in
2554 3783 2675 3819 cor-

380 3874 485 3927 pus
521 3856 733 3911 redacti
769 3860 826 3909 et
859 3855 1084 3908 nomine
1117 3851 1473 3905 Poemandris
1517 3851 1771 3919 insigniti
1808 3855 1953 3905 sunt.
2029 3850 2092 3904 ln
2128 3851 2289 3905 codd.
2327 3869 2453 3906 mss.
2490 3857 2675 3906 autem

379 3963 534 3999 suam
583 3946 816 4013 quisque
861 3942 1283 4011 inscriptionem
1335 3940 1448 3995 fert
1495 3944 1559 4015 et
1597 3940 1795 3993 titulus
1830 3938 2191 3993 Poemandris
2242 3941 2357 3993 eius
2412 3944 2675 4010 proprius

379 4039 462 4089 est
497 4051 662 4102 quem
713 4033 896 4102 primo
943 4031 1064 4084 loco
1109 4047 1316 4099 ponere
1363 4029 1570 4083 solent:
1630 4028 1724 4081 Fr.
1776 4028 2046 4083 Patritius
2080 4028 2238 4083 Nova
2290 4028 2360 4083 de
2406 4032 2677 4086 universis
2716 4034 2719 4038 ’

379 4121 748 4192 philosophia.
824 4120 1017 4175 Venet.
1058 4120 1213 4174 1593.
1250 4120 1438 4173 Herm.
1476 4119 1743 4189 Trismeg.
1778 4118 1871 4175 fol.
1894 4122 1971 4187 31⁸,
2006 4137 2066 4189 a;
2102 4120 2173 4173 cf.
2210 4119 2551 4189 Hilgersium
2578 4121 2615 4175 1.
2635 4120 2675 4175 1.

379 4229 435 4280 p.
475 4212 630 4263 5—6.
673 4208 906 4263 Accedit
953 4208 1102 4277 quod
1155 4209 1276 4261 istis
1331 4209 1390 4260 in
1439 4208 1639 4261 libellis
1690 4207 1797 4262 Tat
1856 4225 1968 4263 non
2016 4208 2328 4278 graviorem
2384 4226 2675 4278 personam

379 4299 617 4351 sustinet
654 4314 824 4367 quam
861 4297 1174 4366 Asclepius3
1223 4298 1281 4351 in
1319 4314 1382 4351 eo
1433 4302 1620 4351 autem
1658 4298 1755 4366 qui
1794 4298 1917 4350 iure
1955 4295 2324 4351 Poemandres
2358 4297 2675 4366 appellatur

376 4384 505 4439 Tati
540 4402 611 4439 ne
645 4402 846 4439 nomen
893 4384 1119 4454 quidem
1167 4387 1425 4440 occurrit.
1464 4412 1532 4425 --
1571 4382 1636 4438 In
1674 4381 1756 4437 τά-
1776 4381 1913 4455 πρὸς
1953 4378 2083 4449 Ter,
2128 4389 2401 4455 quatenus
2446 4384 2671 4453 quidem

377 4479 614 4544 exstant,
647 4474 979 4529 Barhebraei
1015 4474 1186 4530 verba
1220 4491 1388 4544 quam
1423 4474 1637 4545 optime
1673 4473 1969 4538 quadrant.
