3099 5147
1517 472 1631 532 XV

425 677 678 735 Praesto
745 678 902 734 enim
970 681 1114 733 sunt
1182 681 1456 754 tempora
1521 663 1882 755 scriptorum
1955 678 2078 754 qui,
2141 679 2213 733 ut
2283 682 2466 751 s'upra
2517 669 2709 738 docui,

419 777 640 836 librum
691 778 1000 853 cognitum
1028 777 1390 836 habuerunt.
1439 777 1705 874 {ladschi
1761 777 1978 836 Chalfa
2014 782 2284 835 mortuus
2337 777 2429 832 est
2479 791 2533 829 a.
2566 768 2708 828 chr.

427 904 637 962 1658.
708 903 1139 962 Abulbarakat
1201 909 1404 962 autem
1456 911 1619 964 certe
1688 907 1889 982 priore
1957 893 2133 982 parte
2203 901 2424 960 saeculi
2498 897 2711 955 decimi

421 1006 624 1081 quarti
677 1003 884 1062 floruit
907 994 944 1062 ¹.
999 1004 1113 1062 Ibn
1167 1003 1288 1063 Abi
1327 996 1592 1101 Useibi‘a
1644 1006 1901 1083 denique
1924 1005 2078 1064 obiit
2104 1007 2351 1062 ineunte
2404 1019 2458 1057 a.
2497 999 2707 1057 1270.

419 1129 751 1207 Aliquanto
804 1132 995 1209 igitur
1043 1136 1186 1188 ante
1223 1133 1484 1209 scriptor
1536 1133 1689 1191 vixit
1702 1117 1747 1189 ².
1777 1163 1877 1172 —-
1902 1131 1998 1190 Ex
2049 1131 2243 1189 altera
2283 1134 2484 1187 autem
2536 1128 2711 1202 parte

419 1230 660 1288 libellus
730 1237 871 1308 post
922 1232 1324 1308 conscriptum
1385 1253 1535 1311 opus
1592 1233 1745 1292 illud
1812 1227 2369 1310 encyclopaedicum
2419 1227 2712 1307 prodiisse

424 1329 680 1400 videtur,
737 1351 857 1408 quo
927 1331 1254 1389 inclinante
1316 1334 1553 1392 saeculo
1631 1332 1855 1392 decimo
1928 1331 2173 1391 Fratres
2249 1333 2352 1409 qui
2423 1331 2713 1389 vocantur

421 1430 650 1490 Sinceri
702 1452 813 1509 per
863 1441 1066 1490 omnes
1119 1453 1266 1510 quas
1319 1434 1551 1492 Arabes
1604 1455 1675 1492 eo
1726 1437 2017 1511 temporis
2042 1433 2321 1491 colebant
2367 1429 2713 1507 disciplinas

417 1538 743 1610 praecepta
794 1510 966 1603 Qur'*
941 1535 1042 1590 ani
1109 1554 1260 1610 quae
1327 1555 1610 1612 respuere
1662 1537 2063 1612 nequiverunt
2114 1538 2176 1592 et
2226 1533 2450 1610 placita
2515 1528 2711 1608 philo.

419 1633 740 1711 sophorum
792 1654 1142 1710 graecorum
1176 1656 1327 1711 quae
1364 1639 1644 1695 omittere
1677 1637 1999 1694 noluerunt
2050 1639 2318 1711 iungere,
2374 1632 2709 1697 conciliare,

421 1735 481 1790 in
545 1753 728 1792 unum
784 1754 1000 1812 corpus
1067 1736 1432 1796 confundere
1501 1739 1704 1796 conati
1757 1743 1896 1796 sunt
1913 1740 1957 1794 ⁸.
2062 1735 2215 1796 Eius
2284 1737 2439 1792 enim
2511 1731 2712 1810 operis

627 2037 644 2066 ¹
682 2036 968 2092 Assemani
1011 2039 1159 2106 apud
1194 2040 1405 2094 Maium
1429 2040 1463 2094 l.
1487 2042 1522 2094 l.
1563 2061 1615 2110 p.
1637 2044 1741 2094 242
1762 2025 2243 2095 Abulbarakatum
2278 2038 2715 2108 nonayemtrium

417 2142 448 2177 e
485 2126 602 2178 vita
632 2126 920 2180 excessisse
955 2127 1096 2182 dicit
1131 2147 1178 2182 a.
1203 2134 1513 2199 martyrum
1554 2133 1707 2184 1079.
1780 2130 1885 2197 Qui
1911 2148 2086 2183 annus
2122 2135 2205 2184 est
2243 2147 2289 2182 a.
2331 2128 2536 2182 Christi
2580 2127 2713 2195 (non

424 2213 578 2282 1365,
609 2219 677 2268 ut
700 2215 992 2270 Assemani
1029 2222 1275 2285 annotat,
1311 2218 1426 2286 sed)
1461 2218 1758 2272 1362-63.
1796 2218 2040 2286 Quocum
2080 2220 2213 2272 satis
2249 2219 2524 2284 convenit,
2563 2217 2712 2285 quod

419 2303 624 2357 ibidem
662 2323 715 2372 p.
739 2304 846 2357 242
881 2309 938 2358 et
959 2305 1062 2358 243
1093 2306 1366 2360 librorum
1404 2306 1816 2363 Abulbarakati
1841 2306 2090 2376 exempla
2125 2311 2482 2368 recensentur
2518 2324 2566 2358 a.
2586 2305 2713 2360 Chr.

423 2394 560 2446 1334
593 2397 652 2446 et
686 2395 822 2448 1333
863 2399 1104 2448 exarata.

621 2479 648 2526 2
681 2480 994 2536 Memoratu
1031 2482 1264 2554 dignum
1301 2489 1399 2553 est,
1456 2486 1603 2538 inter
1641 2484 2111 2554 apophthegmata
2146 2501 2287 2553 quae
2322 2483 2397 2536 cl.
2436 2483 2716 2537 Dillmann

424 2568 634 2625 Chrest.
674 2570 816 2625 aeth.
855 2570 1007 2643 Lips.
1047 2571 1202 2628 1866.
1247 2594 1301 2644 p.
1340 2576 1410 2627 40
1456 2593 1573 2645 sqq.
1621 2592 1651 2627 e
1700 2575 1845 2643 libro
1886 2575 2198 2643 aethiopico
2250 2576 2339 2628 cui
2388 2573 2715 2629 inscribitur

419 2659 554 2714 liber
582 2660 1036 2731 philosophorum
1058 2664 1338 2731 excerpsit
1376 2662 1512 2716 duas
1551 2681 1710 2717 voces
1739 2663 1977 2717 inveniri
2009 2680 2147 2732 quae
2171 2662 2390 2716 eaedem
2428 2664 2487 2716 in
2523 2668 2714 2716 nostro

417 2748 604 2801 libello
655 2754 981 2818 occurrunt3
1040 2769 1090 2803 v.
1127 2751 1276 2804 infra
1320 2751 1389 2805 ad
1435 2770 1553 2819 cap.
1613 2754 1663 2819 5,
1704 2754 1737 2806 6
1774 2757 1830 2806 et
1882 2752 1953 2806 ad
1989 2770 2106 2821 cap.
2150 2755 2231 2819 12,
2273 2755 2324 2806 3.
2396 2752 2513 2805 Iam
2575 2752 2715 2806 liber

419 2838 872 2908 philosophorum
926 2840 1190 2894 innititur
1244 2842 1534 2895 sententiis
1580 2843 1648 2894 ab
1705 2840 1985 2895 Arabibus
2028 2841 2165 2895 viris
2211 2840 2433 2895 Graecis
2477 2841 2718 2894 nominis

419 2928 674 2981 claritate
737 2928 1048 2997 insignibus
1103 2929 1406 2984 attributis
1483 2929 1589 2983 Sed
1636 2931 1923 2999 quaeritur
1977 2946 2111 2982 num
2171 2947 2236 2983 ea
2286 2947 2425 2998 quae
2474 2934 2718 2999 aguntur

415 3018 567 3073 dicta
613 3036 646 3073 a
681 3021 862 3073 nostri
920 3018 1050 3073 libri
1095 3023 1320 3073 auctore
1377 3020 1623 3088 primum
1669 3006 1820 3073 edita
1867 3036 1971 3074 nec
2018 3020 2207 3087 potius
2257 3017 2481 3071 aliunde
2515 3018 2715 3073 hausta

417 3108 546 3174 sint,
581 3108 663 3161 ita
701 3111 765 3160 ut
801 3112 1014 3161 certum
1049 3106 1182 3160 libri
1217 3107 1515 3176 vestigium
1552 3126 1663 3161 non
1710 3110 1904 3161 exstet.

616 3196 638 3228 ⁸
679 3196 758 3249 De
794 3200 1044 3263 tempore
1088 3214 1196 3263 quo
1235 3213 1373 3265 opus
1423 3196 1792 3263 compositum
1852 3198 1925 3249 sit
1965 3195 2226 3248 disseruit
2264 3195 2461 3265 Fliigel
2486 3196 2543 3248 in
2590 3212 2715 3250 ann.

418 3282 679 3336 Zeitschr.
721 3282 816 3337 der
853 3284 928 3337 D.
966 3283 1046 3336 M.
1085 3282 1151 3337 G.
1187 3281 1338 3337 xm.
1374 3302 1428 3352 p.
1456 3285 1520 3337 19
1559 3300 1674 3353 sqq.
1719 3310 1777 3320 -
1820 3283 1899 3335 De
1934 3282 2043 3336 fine
2080 3300 2243 3351 quem
2278 3284 2574 3350 scriptores
2610 3282 2717 3337 sibi

418 3373 808 3439 proposuerint
851 3370 1122 3424 videndus
1161 3374 1243 3424 est
1277 3370 1494 3426 Steiner
1574 3372 1685 3425 Die
1735 3367 2124 3425 Mu'taziliten.
2176 3370 2312 3439 Lpz.
2371 3374 2527 3425 1865.
2589 3388 2643 3439 p.
2683 3372 2717 3423 ’7

419 3478 536 3529 sqq.
573 3490 641 3499 —
679 3460 888 3513 Textus
938 3460 1124 3528 operis
1170 3462 1234 3511 51
1283 3462 1779 3513 commentationes
1824 3460 2241 3527 complectentis
2284 3460 2537 3514 arabicus
2582 3476 2715 3514 non-

417 3549 550 3602 dum
587 3550 806 3619 prelum
847 3550 1042 3616 subiit3
1081 3549 1377 3602 maximam
1422 3553 1608 3602 autem
1645 3554 1861 3618 partem
1902 3548 1976 3600 Cl.
2016 3548 2280 3618 Dieterici
2329 3567 2359 3602 e
2391 3548 2549 3605 codd.
2590 3567 2717 3603 mss.

417 3638 730 3706 germanice
768 3638 956 3704 vertit,
994 3637 1148 3690 cuius
1186 3639 1411 3706 scripta,
1448 3640 1646 3706 utpote
1691 3654 1831 3705 quae
1866 3616 2016 3689 inira
2052 3637 2366 3706 saepissime
2392 3638 2717 3691 laudaturus

418 3726 539 3792 sim,
589 3729 776 3777 nostro
832 3725 951 3779 loco
1009 3723 1172 3777 semel
1228 3740 1526 3794 congerere
1584 3725 1783 3793 placet.
1846 3722 2345 3778 Commentationes
2393 3726 2489 3778 1-
2498 3727 2556 3778 6.
2606 3726 2718 3779 Die
2772 3744 2777 3755 ·

419 3804 826 3885 Propaedeutik
871 3814 966 3869 der
999 3814 1214 3869 Araber
1259 3830 1334 3867 zm
1385 3815 1607 3869 zehnten
1646 3813 2038 3868 Jahrlmnde-rt.
2072 3814 2221 3867 Berl.
2261 3817 2417 3869 1865.
2460 3843 2522 3851 -
2564 3831 2719 3882 prae·

419 3909 569 3960 terea
623 3904 691 3957 de
731 3908 1020 3958 comment.
1076 3905 1122 3955 1.
1176 3907 1231 3955 et
1273 3904 1323 3955 2.
1361 3902 1669 3971 disputavit
1717 3902 1775 3954 in
1822 3901 2036 3955 Ztschr.
2084 3902 2138 3955 d.
2176 3903 2252 3956 D.
2290 3900 2373 3955 M.
2412 3900 2479 3955 G.
2517 3898 2719 3955 XVIII.

419 4084 589 4148 1868;
669 4033 961 4134 comment.
1037 4079 1462 4133 14—212Die
1527 4058 2137 4147 Natwranschaaa’ny
2159 4079 2275 4133 und
2348 4079 2717 4149 Naturphilo·

415 4168 619 4236 sophae.
682 4169 829 4223 Berl.
870 4171 1012 4223 1861
1060 4168 1260 4234 (Posen
1299 4170 1490 4236 1864);
1573 4168 1852 4237 appendix
1892 4172 2183 4221 comment.
2222 4169 2319 4221 21:
2395 4168 2513 4222 Der
2546 4166 2746 4222 Streit·

415 4258 678 4313 zwischen
740 4257 967 4311 Mensch
1039 4257 1157 4310 und
1235 4257 1413 4311 Thoer.
1491 4257 1639 4311 Berl.
1705 4259 1847 4311 1858
1910 4284 1967 4293 -
2022 4256 2245 4310 arabica
2312 4258 2428 4309 eius
2500 4256 2743 4310 fabulae=

417 4347 584 4399 verba
644 4348 791 4416 typis
836 4347 1097 4400 mandata
1153 4351 1284 4400 sunt
1329 4345 1799 4401 Calcuttae.1812
1835 4349 1893 4398 et
1934 4346 2070 4397 1842
2106 4364 2201 4413 -;
2241 4351 2532 4401 comment.
2570 4347 2745 4402 22—.

413 4438 510 4491 30:
586 4436 696 4490 Die
745 4436 1197 4506 Anthropoloyie.
1257 4435 1393 4507 Lpz.
1449 4440 1617 4503 1871,·
1698 4438 1997 4490 comment.
2036 4435 2289 4489 31-402
2360 4434 2473 4487 Die
2527 4432 2702 4488 Lehrc

417 4540 523 4580 von
593 4524 690 4581 der
767 4525 1048 4581 Weltseele.
1123 4524 1260 4597 Lpz.
1333 4528 1480 4582 1872
1554 4552 1619 4565 -·
1700 4527 2003 4580 comment.
2078 4522 2288 4579 31—33
2360 4525 2471 4579 iam
2544 4526 2707 4578 antea
